<html lang="ko-KR">
 <!--<![endif]-->
 <head>
  <style class="vjs-styles-defaults">
   .video-js {
        width: 300px;
        height: 150px;
      }

      .vjs-fluid {
        padding-top: 56.25%
      }
  </style>
 </head>
 <body>
  <img attributionsrc="https://measurement-api.criteo.com/conversiontracking?a=3119&amp;v=5.11.0&amp;p0=e%3Dexd%26site_type%3Dd&amp;p1=e%3Dvp%26p%3D227331483&amp;p2=e%3Ddis&amp;adce=1&amp;bundle=ED5QlF9mUWVkSkRWRGRlWnkwRWgyNFBJMEVUd1hWYzhJSnQ5bVF3R0w0NVJZMDJ6U0FLZWQ0ZHRidmd2aTFTeEVpMk1idHBiNTZUdzB1MWh1eWxUTlh6T2I1OVdUWHpkQ2NkeHFtdzlUbndKRHklMkJuMlRLaGtRbmhzU1V2dTFEeklWaFB6JTJCeE1tOWIlMkZudUpJYkFQN2cyMXhLM0ElM0QlM0Q&amp;tld=coupang.com&amp;fu=https%3A%2F%2Fwww.coupang.com%2Fvp%2Fproducts%2F227331483%3FitemId%3D720227345%26vendorItemId%3D4822351124%26q%3D%25ED%2595%2598%25EB%25A6%25BC%2B%25EB%258B%25AD%25EA%25B0%2580%25EC%258A%25B4%25EC%2582%25B4%26itemsCount%3D36%26searchId%3D151d42f6cb8943b4bc6d652d00e8d776%26rank%3D0%26isAddedCart%3D&amp;dtycbr=54410" data-owner="criteo-tag" height="1" style="display:none;" width="1"/>
  <script async="" src="https://connect.facebook.net/signals/config/652323801535981?v=2.9.156&amp;r=stable&amp;domain=www.coupang.com&amp;hme=c3a545c63044e8e9102d4f32d84a1137594d024f28e801d670bc76dc5c075575&amp;ex_m=67%2C112%2C99%2C103%2C58%2C3%2C93%2C66%2C15%2C91%2C84%2C49%2C51%2C158%2C161%2C172%2C168%2C169%2C171%2C28%2C94%2C50%2C73%2C170%2C153%2C156%2C165%2C166%2C173%2C121%2C14%2C48%2C178%2C177%2C123%2C17%2C33%2C38%2C1%2C41%2C62%2C63%2C64%2C68%2C88%2C16%2C13%2C90%2C87%2C86%2C100%2C102%2C37%2C101%2C29%2C25%2C154%2C157%2C130%2C27%2C10%2C11%2C12%2C5%2C6%2C24%2C21%2C22%2C54%2C59%2C61%2C71%2C95%2C26%2C72%2C8%2C7%2C76%2C46%2C20%2C97%2C96%2C9%2C19%2C18%2C81%2C53%2C79%2C32%2C70%2C0%2C89%2C31%2C78%2C83%2C45%2C44%2C82%2C36%2C4%2C85%2C77%2C42%2C39%2C34%2C80%2C2%2C35%2C60%2C40%2C98%2C43%2C75%2C65%2C104%2C57%2C56%2C30%2C92%2C55%2C52%2C47%2C74%2C69%2C23%2C105">
  </script>
  <script async="" src="https://connect.facebook.net/en_US/fbevents.js">
  </script>
  <meta charset="utf-8"/>
  <meta content="zaNrGtrOLMjglkziY2IvmL8dOXyCWHGArDHqFazJQVI" name="google-site-verification"/>
  <meta content="on" http-equiv="x-dns-prefetch-control"/>
  <link href="//cart.coupang.com" rel="dns-prefetch"/>
  <link href="//assets.coupang.com" rel="dns-prefetch"/>
  <link href="//assets2.coupang.com" rel="dns-prefetch"/>
  <link href="//assets.coupangcdn.com" rel="dns-prefetch"/>
  <link href="//asset1.coupangcdn.com" rel="dns-prefetch"/>
  <link href="//private.coupang.com" rel="dns-prefetch"/>
  <link href="//img1a.coupangcdn.com" rel="dns-prefetch"/>
  <link href="//image1.coupangcdn.com" rel="dns-prefetch"/>
  <link href="//thumbnail1.coupangcdn.com" rel="dns-prefetch"/>
  <link href="//static.coupangcdn.com" rel="dns-prefetch"/>
  <link href="//www.facebook.com" rel="dns-prefetch"/>
  <link href="//www.google.com" rel="dns-prefetch"/>
  <link href="//www.google.co.kr" rel="dns-prefetch"/>
  <link href="//stats.g.doubleclick.net" rel="dns-prefetch"/>
  <link href="//connect.facebook.net" rel="dns-prefetch"/>
  <title>
   하림 IFF 닭가슴살 (냉동), 2kg, 1개
  </title>
  <link href="https://www.coupang.com/vp/products/227331483?itemId=720227345&amp;vendorItemId=4822351124" rel="canonical"/>
  <meta content="하림 IFF 닭가슴살 (냉동), 2kg, 1개" property="og:title"/>
  <meta content="COUPANG" property="og:description"/>
  <meta content="https://www.coupang.com/vp/products/227331483?vendorItemId=4822351124" property="og:url"/>
  <meta content="//thumbnail7.coupangcdn.com/thumbnails/remote/492x492ex/image/retail/images/281730381654109-320fec20-bcf0-4875-aede-0596376b26da.jpg" property="og:image"/>
  <meta content="492" property="og:image:width"/>
  <meta content="492" property="og:image:height"/>
  <meta content="website" property="og:type"/>
  <meta content="ko_KR" property="og:locale"/>
  <meta content="쿠팡" property="og:site_name"/>
  <link href="//image9.coupangcdn.com/image/coupang/favicon/v2/favicon.ico" rel="shortcut icon" type="image/x-icon"/>
  <script type="text/javascript">
   var voltronGlobalConfig = {
        name: 'sdp voltron',
        version: '0.0.1',
        profile: 'develop',
        //custom settings
        settings: {
            timeout: 1000, //default module load timeout
            excludeModules: [], //delete?
            assetUrl: ''
        },
		log: {
			providers: ['jslog', 'console'],
			jslog: {
				projectName: 'sdp_pc',
				phase: 'production'
			}
		},
        modules:[{
            name: 'atf',
            type: 'module',
            domId: 'atf',
            url: 'atf',
            then: [
                "btf"
            ]
        },
            {
                name: 'btf',
                type: 'module',
                domId: 'btf',
                url: "/resources/20240530174127/np/js/modules/redwood/sdp/btf/dist.js"
            }
        ],
        models: {}
    };
  </script>
  <!--[if lt IE 9]>
<script src="" type="text/javascript"></script>
<script src="//assets.coupangcdn.com/cdnjs/es5-shim/4.5.9/es5-shim.min.js" type="text/javascript"></script>
<script src="//assets.coupangcdn.com/cdnjs/es5-shim/4.5.9/es5-sham.min.js" type="text/javascript"></script>
<![endif]-->
  <!--assign assetUrl-->
  <script type="text/javascript">
   window.assetUrl = '/resources/20240530174127/'
    window.bundleUrl = '/resources/20240530174127/np/js/modules/sdp/webpack/'
  </script>
  <script data-auto-send-pageview="false" data-mode="production" data-platform="web" data-service="coupang" data-tti='{"platformType": "browser", "pageName": "sdp", "screenType":"normalSDP", "async": false, "calcType": "excludeRedirect"}' id="coupang-web-log" src="//asset2.coupangcdn.com/customjs/coupang-web-log/1.3.3/web-log.umd.min.js" type="text/javascript">
  </script>
  <link href="/resources/20240530174127/np/css/common.ko-KR.css" rel="stylesheet" type="text/css"/>
  <link href="/resources/20240530174127/np/css/sdp2.ko-KR.css" rel="stylesheet" type="text/css"/>
  <link href="/resources/20240530174127/np/css/productReview.ko-KR.css" rel="stylesheet" type="text/css"/>
  <script charset="UTF-8" data-async="false" data-label="product" data-platform="pc" data-section="browser&amp;isSubscribe=false&amp;productId=227331483&amp;vendorItemId=4822351124&amp;itemId=720227345&amp;isInvalid=false&amp;combine=true" data-type="product-sdp" id="tti-logger" src="//asset2.coupangcdn.com/customjs/tti-logger/0.6.1/tti-logger.min.js">
  </script>
  <script>
   (function(exports){
        exports.sdp = {"wishList":false,"warrantyServiceVo":null,"vendorItemId":4822351124,"vendor":null,"used":false,"trackMeta":{"trcid":"","traid":"","style":"NORMAL","sourceType":"search","searchId":"151d42f6cb8943b4bc6d652d00e8d776","sdpVisitKey":"y8lwb8b4kwps4yk73p","q":"하림 닭가슴살","emailEventDeal":false,"emailDealWithoutCookieMessage":null,"clickVendorItemId":4822351124,"clickProductId":227331483,"clickItemId":720227345,"categoryId":null},"topSellingInfo":null,"title":"하림 IFF 닭가슴살 (냉동), 2kg, 1개","supplier":null,"subscribeInfo":null,"stickBanners":[],"soldOut":false,"shippingConsolidationLink":null,"sellingInfoVo":{"sellingInfo":["소비기한(또는 유통기한): 2025-03-23 이거나 그 이후인 상품","보관방법: 냉동보관","개당 중량: 2kg","대용량상품: Y","닭가슴살 종류: 생 닭가슴살","쿠팡상품번호: 227331483 - 720227345"],"countryOfOrigin":"컨텐츠 참조"},"ruleBasedTitle":null,"roleCode":3,"rodImageUrlInfoVo":null,"rocketLuxuryDisclaimer":null,"retail":true,"restockNotification":false,"ratingCount":"92,306","ratingAveragePercentage":100.0,"ratingAverage":null,"quantityBase":[{"wowOnlyInstantDiscountRate":0,"subscriptionPriceList":[],"subscriptionPrice":null,"subscriptionDiscountRate":-1,"subscriptionDelivery":null,"shippingFeeList":[{"titleIcon":null,"title":null,"shippingFeeType":"FREE","shippingFeeIcon":null,"shippingFee":null,"returnFeeMessage":null,"popupFreeShippingConditionMessage":null,"message":"\u003Cem class=\u0027prod-txt-bold\u0027\u003E무료배송\u003C/em\u003E","freeShippingConditionMessage":null,"extremeMessage":null,"dividerIcon":null,"directBuyUTInfoMessage":null}],"shippingFee":{"titleIcon":null,"title":null,"shippingFeeType":"FREE","shippingFeeIcon":null,"shippingFee":"0","returnFeeMessage":null,"popupFreeShippingConditionMessage":null,"message":"\u003Cem class=\u0027prod-txt-bold\u0027\u003E무료배송\u003C/em\u003E","freeShippingConditionMessage":null,"extremeMessage":null,"dividerIcon":null,"directBuyUTInfoMessage":null},"shipmentDisplayType":"NORMAL","shipment":null,"selectedIndex":0,"quantityLimitationVO":null,"quantity":1,"priceUnit":"원","priceList":[],"price":{"wowCouponDiscount":false,"unitPrice":null,"unitDiscountRate":null,"type":null,"title":null,"saleUnitPrice":"100g당 997원","salePriceTitle":"","salePrice":"19,930","priceAmount":null,"originalPriceDesc":"","originPrice":null,"loyaltyRegistrationUrl":null,"loyaltyButtonText":null,"instantPriceType":null,"instantDiscount":false,"i18nSalePrice":{"rawAmount":null,"fractionDigits":0,"currency":"KRW","amount":"19930"},"i18nPriceAmount":null,"i18nOriginPrice":null,"i18nCouponPrice":{"rawAmount":null,"fractionDigits":0,"currency":"KRW","amount":"19930"},"i18nCouponDiscountAmount":null,"hasWowInstantDiscount":false,"hasWowCouponDiscount":false,"hasNormalInstantDiscount":false,"hasNormalCouponDiscount":false,"gppuPricePolicy":null,"finalPrice":"19,930","discountRate":null,"description":null,"couponUnitPrice":"100g당 997원","couponPriceTitle":"","couponPrice":"19,930","couponDiscountAmount":null,"cashPromotionMessage":null},"moduleData":[{"abFlags":{"displayTwoPricesWow":"A","deliveryFeeToggleShow":"false"},"detailPriceBundle":{"finalPrice":{"bestPriceInfo":{"currency":"KRW","discountRateValid":false,"doubleElevenPromoted":false,"firstPurchase":false,"goldbox":false,"hasEligibilityConditions":false,"lightning":false,"lightningOrGoldbox":false,"memberPrice":false,"notExpired":true,"percentageDiscount":false,"price":19930,"priceType":"FINAL_PRICE","priceWithDeliveryFee":19930,"unitCCIDuration":100,"unitPrice":{"amount":100,"extendedPrice":{"money":{"amount":997,"currency":"KRW"},"offset":0},"priceEx":{"amount":997,"currency":"KRW"},"unit":"g"},"unitPriceAmount":997,"unitPriceAmountWithDeliveryFee":997,"unitPriceDescription":"(100g당 997원)","unitPriceDescriptionWithoutParenthesis":"100g당 997원","unitPriceIncludeDeliveryFeeDescription":"(100g당 997원)","unitPriceIncludeDeliveryFeeDescriptionWithoutParenthesis":"100g당 997원","unitPriceWithDeliveryFee":{"amount":100,"extendedPrice":{"money":{"amount":997,"currency":"KRW"},"offset":0},"unit":"g"},"valid":true},"displayType":"FINAL","downloadCouponType":"NONE","downloadDiscountAmount":0,"instantDiscountAmount":0,"instantDiscountType":"NONE","memberPrice":false,"price":19930,"priceWithDeliveryFee":19930,"realType":"SALES","unitPriceAmount":997,"unitPriceAmountWithDeliveryFee":997,"unitPriceDescription":"(100g당 997원)","unitPriceDescriptionWithoutParenthesis":"100g당 997원","unitPriceIncludeDeliveryFeeDescription":"(100g당 997원)"},"nonWowMemberPrice":{"price":19930,"priceWithDeliveryFee":19930},"wowMemberPrice":{"price":19930,"priceWithDeliveryFee":19930}},"logging":{},"normalCouponDiscount":false,"normalInstantDiscount":false,"priceWithDeliveryFee":true,"targetedDiscount":false,"viewType":"PRODUCT_DETAIL_PRICE_INFO","wowCouponDiscount":false,"wowDiscountAndNormalOtAndNonWowMember":false,"wowInstantDiscount":false},{"attributeBasedTitle":"하림 IFF 닭가슴살 (냉동), 2kg, 1개","countryOfOrigin":"원산지: 컨텐츠 참조","logging":{"alwaysSentLiveLog":false,"bypass":{"exposureSchemas":[{"id":"11942","mandatory":{"logCategory":"impression","logType":"impression","pageName":"sdp","eventName":"option_table_test_exposure","domain":"sdp","sdpVisitKey":"r8zxql87j32wowg2wy","productId":227331483,"itemId":720227345,"vendorItemId":4822351124,"abGroup":"B","abTestId":"47980"},"version":"2"}]}},"title":"하림 IFF 닭가슴살 (냉동)","viewType":"PRODUCT_DETAIL_PRODUCT_INFO"},{"abFlags":{"47980":"B"},"featureFlags":{"option_table_pc_expand_1_and_2_attr":"B"},"viewType":"PRODUCT_WEB_DATA_AB_FLAGS"},{"tabList":[{"attributeId":"7652","style":"HEADER_ONLY","title":"중량: ","valueName":"2kg × 1개"}],"viewType":"PRODUCT_OPTION_TABLE_TAB_SELECTOR"},{"data":{"description":"배송비 포함","title":"더 많은 옵션 보기"},"viewType":"PRODUCT_OPTION_TABLE_TOGGLE_HEADER"},{"landingItemId":720227345,"landingProductId":227331483,"landingVendorItemId":4822351124,"logging":{"alwaysSentLiveLog":false,"bypass":{"exposureSchema":{"id":"10843","mandatory":{"logCategory":"impression","logType":"impression","pageName":"sdp","eventName":"impression_sdp_option_comparison_table","domain":"sdp","sdpVisitKey":"r8zxql87j32wowg2wy","productId":227331483,"itemId":720227345,"vendorItemId":4822351124,"categoryId":"8234","optionTableStyle":"sdp_standard","attributes":"중량,수량","isSeeAll":true,"isImage":false,"firstAttributeOptionList":"attribute1:2kg","selectedAttribute":"firstAttribute:2kg","listVendorItemId":"option1:4822351124,option2:86341409374","listVendorItemPrice":"option1:19930,option2:38660","listQty":"option1:1개,option2:2개","listDeliveryType":"option1:ROCKET_FRESH,option2:ROCKET_FRESH","listUnitPrice":"option1:997,option2:967","listMin":"option1:false,option2:true","listOos":"option1:false,option2:false","listDefault":"option1:true,option2:true","listPriceLabel":"option1:,option2:","selectedOption":"option1"},"version":"12"}}},"optionList":[{"action":{"event":{"url":"/vm/v5/products/227331483/vendor-items/4822351124?landingItemId=720227345\u0026landingProductId=227331483\u0026landingVendorItemId=4822351124"},"logging":{"alwaysSentLiveLog":false,"bypass":{"clickSchemas":[{"id":"10844","mandatory":{"logCategory":"event","logType":"click","pageName":"sdp","eventName":"click_sdp_option_comparison_table","domain":"sdp","sdpVisitKey":"r8zxql87j32wowg2wy","productId":227331483,"itemId":720227345,"vendorItemId":4822351124,"categoryId":"8234","clickArea":"option","clickValue":"option1:4822351124","isImage":false},"version":"9"}]}}},"defaultShow":true,"deliveryBadgeUrl":"https://image7.coupangcdn.com/image/coupang/rds/logo/hdpi/logo_fresh_small.png","deliveryType":"ROCKET_FRESH","finalPrice":"19,930원","finalUnitPrice":"100g당 997원","hoverImageUrl":"//thumbnail7.coupangcdn.com/thumbnails/remote/492x492ex/image/retail/images/281730381654109-320fec20-bcf0-4875-aede-0596376b26da.jpg","hoverSelectionText":"2kg × 1개","itemId":720227345,"optionItemName":"1개","selected":true,"soldOut":false,"vendorItemId":4822351124},{"action":{"event":{"url":"/vm/v5/products/227331483/vendor-items/86341409374?landingItemId=720227345\u0026landingProductId=227331483\u0026landingVendorItemId=4822351124"},"logging":{"alwaysSentLiveLog":false,"bypass":{"clickSchemas":[{"id":"10844","mandatory":{"logCategory":"event","logType":"click","pageName":"sdp","eventName":"click_sdp_option_comparison_table","domain":"sdp","sdpVisitKey":"r8zxql87j32wowg2wy","productId":227331483,"itemId":720227345,"vendorItemId":4822351124,"categoryId":"8234","clickArea":"option","clickValue":"option2:86341409374","isImage":false},"version":"9"}]}}},"defaultShow":true,"deliveryBadgeUrl":"https://image7.coupangcdn.com/image/coupang/rds/logo/hdpi/logo_fresh_small.png","deliveryType":"ROCKET_FRESH","finalPrice":"38,660원","finalUnitPrice":"100g당 967원","finalUnitPriceLabel":"(최저 단위가)","hoverImageUrl":"//thumbnail9.coupangcdn.com/thumbnails/remote/492x492ex/image/retail/images/f4ea6579-c101-432a-bf4d-b30b8ae8f41a247874356605396183.png","hoverSelectionText":"2kg × 2개","itemId":19224738085,"optionItemName":"2개","selected":false,"soldOut":false,"vendorItemId":86341409374}],"seeAllButton":{"action":{"logging":{"alwaysSentLiveLog":false,"bypass":{"clickSchemas":[{"id":"10844","mandatory":{"logCategory":"event","logType":"click","pageName":"sdp","eventName":"click_sdp_option_comparison_table","domain":"sdp","sdpVisitKey":"r8zxql87j32wowg2wy","productId":227331483,"itemId":720227345,"vendorItemId":4822351124,"categoryId":"8234","clickArea":"seeAll","clickValue":"모든 옵션 보기","isImage":false,"isToggleOn":true},"version":"9"}]}}},"buttonText":"모든 옵션 보기"},"style":"SHORT_ATTR","tableId":"ODQ3OHwya2c","viewType":"PRODUCT_OPTION_TABLE_LIST_VIEW"},{"items":[{"action":{"event":{"url":"vp/products/227331483/vendoritems/4822351124"},"logging":{"alwaysSentLiveLog":false,"bypass":{"clickSchemas":[{"id":"5104","mandatory":{"domain":"sdp","logCategory":"event","logType":"click","pageName":"option_list","eventName":"option_list_click","sdpVisitKey":"r8zxql87j32wowg2wy","vendorItemId":4822351124,"vendorItemIdAttributes":"2kg_1개_unitPrice:997_vendorItemPrice:19930_deliveryType:ROCKET_FRESH_deliveryFee:0"},"version":"4"}],"exposureSchema":{"id":"5112","mandatory":{"logCategory":"impression","logType":"impression","pageName":"option_list","eventName":"option_list_item_impression","domain":"sdp","referSdpItem":"p227331483_i720227345_v4822351124","sdpVisitKey":"r8zxql87j32wowg2wy","vendorItemId":"4822351124","vendorItemIdAttributes":"2kg_1개_unitPrice:997_vendorItemPrice:19930_deliveryType:ROCKET_FRESH_deliveryFee:0"},"version":"6"}}}},"deliveryInfo":{"deliveryBadge":{"height":16,"url":"https://image8.coupangcdn.com/image/coupang/rds/logo/hdpi/logo_fresh_medium.png","width":75},"deliveryDateColor":"GREEN","deliveryDateDescriptions":"내일(토) 새벽 도착 보장"},"itemBasicInfo":{"invalid":false,"itemId":720227345,"itemName":"2kg × 1개","vendorItemId":4822351124},"priceInfo":{"finalDeliveryDescription":"무료배송","finalPrice":"19,930원","finalUnitPrice":"(100g당 997원)"},"selected":true,"stockInfo":{"logistics":true,"restockNotification":false,"soldOut":false}},{"action":{"event":{"url":"vp/products/227331483/vendoritems/86341409374"},"logging":{"alwaysSentLiveLog":false,"bypass":{"clickSchemas":[{"id":"5104","mandatory":{"domain":"sdp","logCategory":"event","logType":"click","pageName":"option_list","eventName":"option_list_click","sdpVisitKey":"r8zxql87j32wowg2wy","vendorItemId":86341409374,"vendorItemIdAttributes":"2kg_2개_unitPrice:967_vendorItemPrice:38660_deliveryType:ROCKET_FRESH_deliveryFee:0"},"version":"4"}],"exposureSchema":{"id":"5112","mandatory":{"logCategory":"impression","logType":"impression","pageName":"option_list","eventName":"option_list_item_impression","domain":"sdp","referSdpItem":"p227331483_i720227345_v4822351124","sdpVisitKey":"r8zxql87j32wowg2wy","vendorItemId":"86341409374","vendorItemIdAttributes":"2kg_2개_unitPrice:967_vendorItemPrice:38660_deliveryType:ROCKET_FRESH_deliveryFee:0"},"version":"6"}}}},"deliveryInfo":{"deliveryBadge":{"height":16,"url":"https://image8.coupangcdn.com/image/coupang/rds/logo/hdpi/logo_fresh_medium.png","width":75},"deliveryDateColor":"GREEN","deliveryDateDescriptions":"내일(토) 새벽 도착 보장"},"itemBasicInfo":{"invalid":false,"itemId":19224738085,"itemName":"2kg × 2개","vendorItemId":86341409374},"priceInfo":{"finalDeliveryDescription":"무료배송","finalPrice":"38,660원","finalUnitPrice":"(100g당 967원)"},"stockInfo":{"logistics":true,"restockNotification":false,"soldOut":false}}],"titleName":"중량 × 수량","viewType":"PRODUCT_DETAIL_OPTION_LIST"},{"deliveryInfo":{"nonMemberDelivery":{"arrivalMessage":[{"color":"#00891A","size":14,"text":"내일(토) 새벽 7시 전"},{"color":"#00891A","size":14,"text":" 도착 보장"}],"deliveryBadge":{"height":16,"url":"https://image8.coupangcdn.com/image/coupang/rds/logo/hdpi/logo_fresh_medium.png","width":75},"shippingFeeTag":[{"bold":true,"color":"#212B36","size":14,"text":"무료배송"}]},"wowMemberDelivery":{"arrivalMessage":[{"color":"#00891A","size":14,"text":"내일(토) 새벽 7시 전"},{"color":"#00891A","size":14,"text":" 도착 보장"}],"deliveryBadge":{"height":16,"url":"https://image8.coupangcdn.com/image/coupang/rds/logo/hdpi/logo_fresh_medium.png","width":75},"shippingFeeTag":[{"bold":true,"color":"#212B36","size":14,"text":"무료배송"}]}},"itemInfo":{"itemId":720227345,"itemName":"하림 IFF 닭가슴살 (냉동)","productId":227331483,"thumbnailImage":{"height":60,"url":"https://image7.coupangcdn.com/image/retail/images/281730381654109-320fec20-bcf0-4875-aede-0596376b26da.jpg","width":60},"vendorItemId":4822351124},"priceInfo":{"finalPrice":{"applicable":true,"displayPrice":"19,930원","price":19930}},"viewType":"PRODUCT_DETAIL_HANDLEBAR_BASE_INFO"},{"pddList":[{"arrivalMessage":"내일(토) 새벽 7시 전 도착 보장","deliveryBadge":{"height":20,"url":"https://image6.coupangcdn.com/image/coupang/rds/logo/hdpi/logo_rocket_symbol_large.png","width":20},"deliveryBadgeLabel":"로켓배송","deliveryType":"ROCKET"}],"viewType":"PRODUCT_DETAIL_DELIVERY_INFO"},{"hasInstantDiscount":false,"hasOverThreshCoupon":false,"hasWowInstantDiscount":false,"hasWowOverThreshCoupon":false,"toolTipText":"무료배송•내일 도착 보장","totalDiscountPrice":0,"viewType":"PRODUCT_DETAIL_DP_TOOLTIP"},{"viewType":"PRODUCT_DETAIL_SELLER_INFO"}],"freebieBenefit":null,"directBuyUTInfo":null,"deliveryList":[{"type":"ROCKET_DELIVERY","title":null,"speedType":"OVERNIGHT","rocketWowQuestionMark":true,"loyaltyButtonText":"로켓와우 무료 체험하기","logistics":true,"hideQuestionMark":false,"extremeDescriptions":null,"descriptions":"\u003Cem class=\u0027prod-txt-onyx prod-txt-green-2\u0027\u003E내일(토) 6/1 새벽 7시 전 \u003C/em\u003E\u003Cem class=\u0027prod-txt-onyx  prod-txt-green-normal\u0027\u003E도착 보장\u003C/em\u003E","descriptionIcon":null,"descriptionBadge":null,"deliveryReminderMessage":"\u003Cem class=\u0027prod-txt-onyx prod-txt-blue\u0027\u003E로켓와우 전용\u003C/em\u003E","deliveryNotice":null,"deliveryExtraInfo":[{"text":"서울⋅경기 기준","strikethrough":null,"size":0,"helpUrl":null,"expectedLineBreak":null,"color":"","bold":null,"alpha":null}],"delayMessage":null,"countDownMillisecond":null,"countDownMessage":"\u003Cem class=\u0027prod-txt-onyx\u0027\u003E밤 12시 전 주문 시\u003C/em\u003E","companyLabel":null,"company":null,"badgeUrl":"//image7.coupangcdn.com/image/mobile_app/v3/brandsdp/loyalty/pc/rocket-fresh@2x.png"}],"delivery":{"type":"ROCKET_DELIVERY","title":null,"speedType":"OVERNIGHT","rocketWowQuestionMark":true,"loyaltyButtonText":"로켓와우 무료 체험하기","logistics":true,"hideQuestionMark":false,"extremeDescriptions":null,"descriptions":"\u003Cem class=\u0027prod-txt-onyx prod-txt-green-2\u0027\u003E내일(토) 6/1 새벽 7시 전 \u003C/em\u003E\u003Cem class=\u0027prod-txt-onyx  prod-txt-green-normal\u0027\u003E도착 보장\u003C/em\u003E","descriptionIcon":null,"descriptionBadge":null,"deliveryReminderMessage":"\u003Cem class=\u0027prod-txt-onyx prod-txt-blue\u0027\u003E로켓와우 전용\u003C/em\u003E","deliveryNotice":null,"deliveryExtraInfo":[{"text":"서울⋅경기 기준","strikethrough":null,"size":0,"helpUrl":null,"expectedLineBreak":null,"color":"","bold":null,"alpha":null}],"delayMessage":null,"countDownMillisecond":null,"countDownMessage":"\u003Cem class=\u0027prod-txt-onyx\u0027\u003E밤 12시 전 주문 시\u003C/em\u003E","companyLabel":null,"company":null,"badgeUrl":"//image7.coupangcdn.com/image/mobile_app/v3/brandsdp/loyalty/pc/rocket-fresh@2x.png"},"cashBackSummary":{"targetedPromotionBanner":null,"rewardCashAmount":null,"popupType":"WITHEXTRA","luxuryItem":false,"i18nRewardCashAmount":null,"i18nFinalCashBackAmtIncludeRewardCashAmount":{"rawAmount":996,"fractionDigits":0,"currency":"KRW","amount":"996"},"i18nFinalCashBackAmt":{"rawAmount":996,"fractionDigits":0,"currency":"KRW","amount":"996"},"i18nCouPayMoneyAmt":{"rawAmount":797,"fractionDigits":0,"currency":"KRW","amount":"797"},"i18nCouPayBankAmt":{"rawAmount":399,"fractionDigits":0,"currency":"KRW","amount":"399"},"i18nClubMemberCashAmt":null,"i18nBasicRocketPayCashAmt":{"rawAmount":199,"fractionDigits":0,"currency":"KRW","amount":"199"},"finalCashBackAmtIncludeRewardCashAmount":996,"finalCashBackAmt":996,"extraCashBackList":[{"validity":"이벤트 기간 30일, 최대 2만원","type":"COU_BANK","rate":"2","leftDays":2463,"i18nAmount":{"rawAmount":399,"fractionDigits":0,"currency":"KRW","amount":"399"},"expired":false,"benefit":"[로켓와우 + 쿠페이 계좌이체] 결제 시 2% 적립","amount":399},{"validity":"이벤트 기간 30일, 최대 4만원","type":"COU_MONEY","rate":"4","leftDays":2463,"i18nAmount":{"rawAmount":797,"fractionDigits":0,"currency":"KRW","amount":"797"},"expired":false,"benefit":"[로켓와우 + 쿠페이 머니] 결제 시 4% 추가적립","amount":797}],"couPayMoneyRate":"4","couPayMoneyLeftDays":2463,"couPayMoneyExpires":false,"couPayMoneyAmt":797,"couPayBankRate":"2","couPayBankLeftDays":2463,"couPayBankExpires":false,"couPayBankAmt":399,"clubMemberRewardLeftDays":null,"clubMemberRewardExpiryTime":null,"clubMemberRewardExpires":null,"clubMemberRate":null,"clubMemberCashAmt":null,"cashWidgetIconUrl":"//image6.coupangcdn.com/image/badges/sdp/cashback/web/cash-icon@2x.png","cashIconUrl":"//image6.coupangcdn.com/image/badges/cashback/web/list-cash-icon@2x.png","cashBackTitle":"캐시적립 혜택","basicRocketPayRate":"1","basicRocketPayCashAmt":199,"basicCashBackList":[{"validity":"월 최대 1만원","type":"BASIC","rate":"1","leftDays":null,"i18nAmount":{"rawAmount":199,"fractionDigits":0,"currency":"KRW","amount":"199"},"expired":false,"benefit":"쿠페이 머니 결제 시 1% 적립","amount":199}]},"bundleOption":{"viewType":null,"options":[],"optionDetails":null},"benefitDisplayType":null,"applyDirectBuyUTInfo":"A","appliedCoupon":null,"abFlags":{"applyExtremeProminenceFreeDeliveryMessages":"A","ab54632":"B"}}],"purchaseOnly":false,"productId":227331483,"preOrderVo":null,"otherSellerCount":null,"options":{"optionRows":[{"typeId":"8478,7652","style":null,"sizeAttribute":false,"selectedAttribute":{"valueId":"3996795153,1626145991","selected":true,"name":"2kg × 1개","image":null,"bundleOptionMsg":null},"name":"중량 × 수량","leaf":true,"displayType":"TEXT","displayComponentType":"DROPDOWN","deliveryAttribute":false,"colorAttribute":false,"attributes":[{"valueId":"3996795153,1626145991","selected":true,"name":"2kg × 1개","image":null,"bundleOptionMsg":null},{"valueId":"3996795153,1626146022","selected":false,"name":"2kg × 2개","image":null,"bundleOptionMsg":null}]}],"laptopInstantOptionPickerTarget":false,"instantOptionShow":false,"ceInstantOptionPickerTarget":false,"attributeVendorItemMap":{"3996795153,1626146022":{"wishList":false,"warrantyServiceVo":null,"vendorItemId":86341409374,"vendor":null,"used":false,"topSellingInfo":null,"supplier":null,"subscribeInfo":null,"stickBanners":null,"soldOut":false,"shippingConsolidationLink":null,"sellingInfoVo":null,"ruleBasedTitle":null,"roleCode":null,"rocketLuxuryDisclaimer":null,"retail":true,"restockNotification":false,"quantityBase":[{"wowOnlyInstantDiscountRate":0,"subscriptionPriceList":[],"subscriptionPrice":null,"subscriptionDiscountRate":-1,"subscriptionDelivery":null,"shippingFeeList":[{"titleIcon":null,"title":null,"shippingFeeType":"FREE","shippingFeeIcon":null,"shippingFee":null,"returnFeeMessage":null,"popupFreeShippingConditionMessage":null,"message":"\u003Cem class=\u0027prod-txt-bold\u0027\u003E무료배송\u003C/em\u003E","freeShippingConditionMessage":null,"extremeMessage":null,"dividerIcon":null,"directBuyUTInfoMessage":null}],"shippingFee":{"titleIcon":null,"title":null,"shippingFeeType":"FREE","shippingFeeIcon":null,"shippingFee":"0","returnFeeMessage":null,"popupFreeShippingConditionMessage":null,"message":"\u003Cem class=\u0027prod-txt-bold\u0027\u003E무료배송\u003C/em\u003E","freeShippingConditionMessage":null,"extremeMessage":null,"dividerIcon":null,"directBuyUTInfoMessage":null},"shipmentDisplayType":"NORMAL","shipment":null,"selectedIndex":0,"quantityLimitationVO":null,"quantity":1,"priceUnit":"원","priceList":[],"price":{"wowCouponDiscount":false,"unitPrice":null,"unitDiscountRate":null,"type":null,"title":null,"saleUnitPrice":"100g당 967원","salePriceTitle":"","salePrice":"38,660","priceAmount":null,"originalPriceDesc":"","originPrice":null,"loyaltyRegistrationUrl":null,"loyaltyButtonText":null,"instantPriceType":null,"instantDiscount":false,"i18nSalePrice":{"rawAmount":null,"fractionDigits":0,"currency":"KRW","amount":"38660"},"i18nPriceAmount":null,"i18nOriginPrice":null,"i18nCouponPrice":{"rawAmount":null,"fractionDigits":0,"currency":"KRW","amount":"38660"},"i18nCouponDiscountAmount":null,"hasWowInstantDiscount":false,"hasWowCouponDiscount":false,"hasNormalInstantDiscount":false,"hasNormalCouponDiscount":false,"gppuPricePolicy":null,"finalPrice":"38,660","discountRate":null,"description":null,"couponUnitPrice":"100g당 967원","couponPriceTitle":"","couponPrice":"38,660","couponDiscountAmount":null,"cashPromotionMessage":null},"moduleData":null,"freebieBenefit":null,"directBuyUTInfo":null,"deliveryList":[{"type":"ROCKET_DELIVERY","title":null,"speedType":"OVERNIGHT","rocketWowQuestionMark":true,"loyaltyButtonText":"로켓와우 무료 체험하기","logistics":true,"hideQuestionMark":false,"extremeDescriptions":null,"descriptions":"\u003Cem class=\u0027prod-txt-onyx prod-txt-green-2\u0027\u003E내일(토)\u003C/em\u003E\u003Cem class=\u0027prod-txt-onyx  prod-txt-green-normal\u0027\u003E 새벽 도착 보장\u003C/em\u003E","descriptionIcon":null,"descriptionBadge":null,"deliveryReminderMessage":"\u003Cem class=\u0027prod-txt-onyx prod-txt-blue\u0027\u003E로켓와우 전용\u003C/em\u003E","deliveryNotice":null,"deliveryExtraInfo":[{"text":"서울⋅경기 기준","strikethrough":null,"size":0,"helpUrl":null,"expectedLineBreak":null,"color":"","bold":null,"alpha":null}],"delayMessage":null,"countDownMillisecond":null,"countDownMessage":"\u003Cem class=\u0027prod-txt-onyx\u0027\u003E밤 12시 전 주문 시\u003C/em\u003E","companyLabel":null,"company":null,"badgeUrl":"//image7.coupangcdn.com/image/mobile_app/v3/brandsdp/loyalty/pc/rocket-fresh@2x.png"}],"delivery":{"type":"ROCKET_DELIVERY","title":null,"speedType":"OVERNIGHT","rocketWowQuestionMark":true,"loyaltyButtonText":"로켓와우 무료 체험하기","logistics":true,"hideQuestionMark":false,"extremeDescriptions":null,"descriptions":"\u003Cem class=\u0027prod-txt-onyx prod-txt-green-2\u0027\u003E내일(토)\u003C/em\u003E\u003Cem class=\u0027prod-txt-onyx  prod-txt-green-normal\u0027\u003E 새벽 도착 보장\u003C/em\u003E","descriptionIcon":null,"descriptionBadge":null,"deliveryReminderMessage":"\u003Cem class=\u0027prod-txt-onyx prod-txt-blue\u0027\u003E로켓와우 전용\u003C/em\u003E","deliveryNotice":null,"deliveryExtraInfo":[{"text":"서울⋅경기 기준","strikethrough":null,"size":0,"helpUrl":null,"expectedLineBreak":null,"color":"","bold":null,"alpha":null}],"delayMessage":null,"countDownMillisecond":null,"countDownMessage":"\u003Cem class=\u0027prod-txt-onyx\u0027\u003E밤 12시 전 주문 시\u003C/em\u003E","companyLabel":null,"company":null,"badgeUrl":"//image7.coupangcdn.com/image/mobile_app/v3/brandsdp/loyalty/pc/rocket-fresh@2x.png"},"cashBackSummary":null,"bundleOption":null,"benefitDisplayType":null,"applyDirectBuyUTInfo":"A","appliedCoupon":null,"abFlags":{"applyExtremeProminenceFreeDeliveryMessages":"A"}}],"preOrderVo":null,"otherSellerCount":null,"offerDescription":null,"offerBanner":null,"memberInfo":null,"luxuryDiscountBenefit":null,"linkedVendorItemInfo":null,"limitNoticeVo":null,"itemName":"하림 IFF 닭가슴살 (냉동), 2kg, 2개","itemId":19224738085,"inventory":null,"invalid":false,"images":[{"thumbnailImage":"//thumbnail9.coupangcdn.com/thumbnails/remote/48x48ex/image/retail/images/f4ea6579-c101-432a-bf4d-b30b8ae8f41a247874356605396183.png","preloadImage":"//thumbnail9.coupangcdn.com/thumbnails/remote/230x230ex/image/retail/images/f4ea6579-c101-432a-bf4d-b30b8ae8f41a247874356605396183.png","origin":"//image9.coupangcdn.com/image/retail/images/f4ea6579-c101-432a-bf4d-b30b8ae8f41a247874356605396183.png","detailImage":"//thumbnail9.coupangcdn.com/thumbnails/remote/492x492ex/image/retail/images/f4ea6579-c101-432a-bf4d-b30b8ae8f41a247874356605396183.png"},{"thumbnailImage":"//thumbnail7.coupangcdn.com/thumbnails/remote/48x48ex/image/retail/images/5061536962553-d1a7df12-8375-4b7b-8396-356b19e9b5e5.jpg","preloadImage":"//thumbnail7.coupangcdn.com/thumbnails/remote/230x230ex/image/retail/images/5061536962553-d1a7df12-8375-4b7b-8396-356b19e9b5e5.jpg","origin":"//image7.coupangcdn.com/image/retail/images/5061536962553-d1a7df12-8375-4b7b-8396-356b19e9b5e5.jpg","detailImage":"//thumbnail7.coupangcdn.com/thumbnails/remote/492x492ex/image/retail/images/5061536962553-d1a7df12-8375-4b7b-8396-356b19e9b5e5.jpg"},{"thumbnailImage":"//thumbnail8.coupangcdn.com/thumbnails/remote/48x48ex/image/retail/images/5064294520251-d9acc5aa-a5b6-4c6c-9f16-7813874d2d12.jpg","preloadImage":"//thumbnail8.coupangcdn.com/thumbnails/remote/230x230ex/image/retail/images/5064294520251-d9acc5aa-a5b6-4c6c-9f16-7813874d2d12.jpg","origin":"//image8.coupangcdn.com/image/retail/images/5064294520251-d9acc5aa-a5b6-4c6c-9f16-7813874d2d12.jpg","detailImage":"//thumbnail8.coupangcdn.com/thumbnails/remote/492x492ex/image/retail/images/5064294520251-d9acc5aa-a5b6-4c6c-9f16-7813874d2d12.jpg"},{"thumbnailImage":"//thumbnail7.coupangcdn.com/thumbnails/remote/48x48ex/image/retail/images/241286071897256-48dc1b97-3670-40b9-b6d1-a466d392ca05.jpg","preloadImage":"//thumbnail7.coupangcdn.com/thumbnails/remote/230x230ex/image/retail/images/241286071897256-48dc1b97-3670-40b9-b6d1-a466d392ca05.jpg","origin":"//image7.coupangcdn.com/image/retail/images/241286071897256-48dc1b97-3670-40b9-b6d1-a466d392ca05.jpg","detailImage":"//thumbnail7.coupangcdn.com/thumbnails/remote/492x492ex/image/retail/images/241286071897256-48dc1b97-3670-40b9-b6d1-a466d392ca05.jpg"},{"thumbnailImage":"//thumbnail8.coupangcdn.com/thumbnails/remote/48x48ex/image/retail/images/241285687043643-4794f8c2-23f7-495a-8dac-7b30622a63d3.jpg","preloadImage":"//thumbnail8.coupangcdn.com/thumbnails/remote/230x230ex/image/retail/images/241285687043643-4794f8c2-23f7-495a-8dac-7b30622a63d3.jpg","origin":"//image8.coupangcdn.com/image/retail/images/241285687043643-4794f8c2-23f7-495a-8dac-7b30622a63d3.jpg","detailImage":"//thumbnail8.coupangcdn.com/thumbnails/remote/492x492ex/image/retail/images/241285687043643-4794f8c2-23f7-495a-8dac-7b30622a63d3.jpg"},{"thumbnailImage":"//thumbnail10.coupangcdn.com/thumbnails/remote/48x48ex/image/retail/images/5458783255379302-627ead7b-61e0-4d26-9310-62b4c0a3a78f.jpg","preloadImage":"//thumbnail10.coupangcdn.com/thumbnails/remote/230x230ex/image/retail/images/5458783255379302-627ead7b-61e0-4d26-9310-62b4c0a3a78f.jpg","origin":"//image10.coupangcdn.com/image/retail/images/5458783255379302-627ead7b-61e0-4d26-9310-62b4c0a3a78f.jpg","detailImage":"//thumbnail10.coupangcdn.com/thumbnails/remote/492x492ex/image/retail/images/5458783255379302-627ead7b-61e0-4d26-9310-62b4c0a3a78f.jpg"},{"thumbnailImage":"//thumbnail7.coupangcdn.com/thumbnails/remote/48x48ex/image/retail/images/657825137347314-d74febb9-8ce1-4814-98ed-3a0ed9bbcaf0.jpg","preloadImage":"//thumbnail7.coupangcdn.com/thumbnails/remote/230x230ex/image/retail/images/657825137347314-d74febb9-8ce1-4814-98ed-3a0ed9bbcaf0.jpg","origin":"//image7.coupangcdn.com/image/retail/images/657825137347314-d74febb9-8ce1-4814-98ed-3a0ed9bbcaf0.jpg","detailImage":"//thumbnail7.coupangcdn.com/thumbnails/remote/492x492ex/image/retail/images/657825137347314-d74febb9-8ce1-4814-98ed-3a0ed9bbcaf0.jpg"}],"goldFish":false,"giftcard":false,"freshEligible":false,"easePayment":null,"discountBenefitDescriptionList":null,"discountBenefitDescription":null,"deliveryAttribute":false,"dawnOnly":false,"couponList":null,"ccidInfo":null,"ccidEligible":false,"cashBackSummary":null,"buyableQuantity":3,"bundleOption":null,"blockInfo":null,"bizBadge":null,"badgeMap":{},"authors":null,"attributeTitle":null,"apiUrlMap":{"addToCartUrl":"coupang://addCart?itemId=19224738085\u0026productId=227331483\u0026vendorItemId=86341409374\u0026sourceType=offerDetail\u0026price=38660\u0026sdpVisitKey=\u0026isLoser=false\u0026offerStatus=NEW","shippingConsolidationUrl":null},"almostSoldOut":false},"3996795153,1626145991":{"wishList":false,"warrantyServiceVo":null,"vendorItemId":4822351124,"vendor":null,"used":false,"topSellingInfo":null,"supplier":null,"subscribeInfo":null,"stickBanners":null,"soldOut":false,"shippingConsolidationLink":null,"sellingInfoVo":null,"ruleBasedTitle":null,"roleCode":null,"rocketLuxuryDisclaimer":null,"retail":true,"restockNotification":false,"quantityBase":[{"wowOnlyInstantDiscountRate":0,"subscriptionPriceList":[],"subscriptionPrice":null,"subscriptionDiscountRate":-1,"subscriptionDelivery":null,"shippingFeeList":[{"titleIcon":null,"title":null,"shippingFeeType":"FREE","shippingFeeIcon":null,"shippingFee":null,"returnFeeMessage":null,"popupFreeShippingConditionMessage":null,"message":"\u003Cem class=\u0027prod-txt-bold\u0027\u003E무료배송\u003C/em\u003E","freeShippingConditionMessage":null,"extremeMessage":null,"dividerIcon":null,"directBuyUTInfoMessage":null}],"shippingFee":{"titleIcon":null,"title":null,"shippingFeeType":"FREE","shippingFeeIcon":null,"shippingFee":"0","returnFeeMessage":null,"popupFreeShippingConditionMessage":null,"message":"\u003Cem class=\u0027prod-txt-bold\u0027\u003E무료배송\u003C/em\u003E","freeShippingConditionMessage":null,"extremeMessage":null,"dividerIcon":null,"directBuyUTInfoMessage":null},"shipmentDisplayType":"NORMAL","shipment":null,"selectedIndex":0,"quantityLimitationVO":null,"quantity":1,"priceUnit":"원","priceList":[],"price":{"wowCouponDiscount":false,"unitPrice":null,"unitDiscountRate":null,"type":null,"title":null,"saleUnitPrice":"100g당 997원","salePriceTitle":"","salePrice":"19,930","priceAmount":null,"originalPriceDesc":"","originPrice":null,"loyaltyRegistrationUrl":null,"loyaltyButtonText":null,"instantPriceType":null,"instantDiscount":false,"i18nSalePrice":{"rawAmount":null,"fractionDigits":0,"currency":"KRW","amount":"19930"},"i18nPriceAmount":null,"i18nOriginPrice":null,"i18nCouponPrice":{"rawAmount":null,"fractionDigits":0,"currency":"KRW","amount":"19930"},"i18nCouponDiscountAmount":null,"hasWowInstantDiscount":false,"hasWowCouponDiscount":false,"hasNormalInstantDiscount":false,"hasNormalCouponDiscount":false,"gppuPricePolicy":null,"finalPrice":"19,930","discountRate":null,"description":null,"couponUnitPrice":"100g당 997원","couponPriceTitle":"","couponPrice":"19,930","couponDiscountAmount":null,"cashPromotionMessage":null},"moduleData":[{"abFlags":{"displayTwoPricesWow":"A","deliveryFeeToggleShow":"false"},"detailPriceBundle":{"finalPrice":{"bestPriceInfo":{"currency":"KRW","discountRateValid":false,"doubleElevenPromoted":false,"firstPurchase":false,"goldbox":false,"hasEligibilityConditions":false,"lightning":false,"lightningOrGoldbox":false,"memberPrice":false,"notExpired":true,"percentageDiscount":false,"price":19930,"priceType":"FINAL_PRICE","priceWithDeliveryFee":19930,"unitCCIDuration":100,"unitPrice":{"amount":100,"extendedPrice":{"money":{"amount":997,"currency":"KRW"},"offset":0},"priceEx":{"amount":997,"currency":"KRW"},"unit":"g"},"unitPriceAmount":997,"unitPriceAmountWithDeliveryFee":997,"unitPriceDescription":"(100g당 997원)","unitPriceDescriptionWithoutParenthesis":"100g당 997원","unitPriceIncludeDeliveryFeeDescription":"(100g당 997원)","unitPriceIncludeDeliveryFeeDescriptionWithoutParenthesis":"100g당 997원","unitPriceWithDeliveryFee":{"amount":100,"extendedPrice":{"money":{"amount":997,"currency":"KRW"},"offset":0},"unit":"g"},"valid":true},"displayType":"FINAL","downloadCouponType":"NONE","downloadDiscountAmount":0,"instantDiscountAmount":0,"instantDiscountType":"NONE","memberPrice":false,"price":19930,"priceWithDeliveryFee":19930,"realType":"SALES","unitPriceAmount":997,"unitPriceAmountWithDeliveryFee":997,"unitPriceDescription":"(100g당 997원)","unitPriceDescriptionWithoutParenthesis":"100g당 997원","unitPriceIncludeDeliveryFeeDescription":"(100g당 997원)"},"nonWowMemberPrice":{"price":19930,"priceWithDeliveryFee":19930},"wowMemberPrice":{"price":19930,"priceWithDeliveryFee":19930}},"logging":{},"normalCouponDiscount":false,"normalInstantDiscount":false,"priceWithDeliveryFee":true,"targetedDiscount":false,"viewType":"PRODUCT_DETAIL_PRICE_INFO","wowCouponDiscount":false,"wowDiscountAndNormalOtAndNonWowMember":false,"wowInstantDiscount":false},{"attributeBasedTitle":"하림 IFF 닭가슴살 (냉동), 2kg, 1개","countryOfOrigin":"원산지: 컨텐츠 참조","logging":{"alwaysSentLiveLog":false,"bypass":{"exposureSchemas":[{"id":"11942","mandatory":{"logCategory":"impression","logType":"impression","pageName":"sdp","eventName":"option_table_test_exposure","domain":"sdp","sdpVisitKey":"r8zxql87j32wowg2wy","productId":227331483,"itemId":720227345,"vendorItemId":4822351124,"abGroup":"B","abTestId":"47980"},"version":"2"}]}},"title":"하림 IFF 닭가슴살 (냉동)","viewType":"PRODUCT_DETAIL_PRODUCT_INFO"},{"abFlags":{"47980":"B"},"featureFlags":{"option_table_pc_expand_1_and_2_attr":"B"},"viewType":"PRODUCT_WEB_DATA_AB_FLAGS"},{"tabList":[{"attributeId":"7652","style":"HEADER_ONLY","title":"중량: ","valueName":"2kg × 1개"}],"viewType":"PRODUCT_OPTION_TABLE_TAB_SELECTOR"},{"data":{"description":"배송비 포함","title":"더 많은 옵션 보기"},"viewType":"PRODUCT_OPTION_TABLE_TOGGLE_HEADER"},{"landingItemId":720227345,"landingProductId":227331483,"landingVendorItemId":4822351124,"logging":{"alwaysSentLiveLog":false,"bypass":{"exposureSchema":{"id":"10843","mandatory":{"logCategory":"impression","logType":"impression","pageName":"sdp","eventName":"impression_sdp_option_comparison_table","domain":"sdp","sdpVisitKey":"r8zxql87j32wowg2wy","productId":227331483,"itemId":720227345,"vendorItemId":4822351124,"categoryId":"8234","optionTableStyle":"sdp_standard","attributes":"중량,수량","isSeeAll":true,"isImage":false,"firstAttributeOptionList":"attribute1:2kg","selectedAttribute":"firstAttribute:2kg","listVendorItemId":"option1:4822351124,option2:86341409374","listVendorItemPrice":"option1:19930,option2:38660","listQty":"option1:1개,option2:2개","listDeliveryType":"option1:ROCKET_FRESH,option2:ROCKET_FRESH","listUnitPrice":"option1:997,option2:967","listMin":"option1:false,option2:true","listOos":"option1:false,option2:false","listDefault":"option1:true,option2:true","listPriceLabel":"option1:,option2:","selectedOption":"option1"},"version":"12"}}},"optionList":[{"action":{"event":{"url":"/vm/v5/products/227331483/vendor-items/4822351124?landingItemId=720227345\u0026landingProductId=227331483\u0026landingVendorItemId=4822351124"},"logging":{"alwaysSentLiveLog":false,"bypass":{"clickSchemas":[{"id":"10844","mandatory":{"logCategory":"event","logType":"click","pageName":"sdp","eventName":"click_sdp_option_comparison_table","domain":"sdp","sdpVisitKey":"r8zxql87j32wowg2wy","productId":227331483,"itemId":720227345,"vendorItemId":4822351124,"categoryId":"8234","clickArea":"option","clickValue":"option1:4822351124","isImage":false},"version":"9"}]}}},"defaultShow":true,"deliveryBadgeUrl":"https://image7.coupangcdn.com/image/coupang/rds/logo/hdpi/logo_fresh_small.png","deliveryType":"ROCKET_FRESH","finalPrice":"19,930원","finalUnitPrice":"100g당 997원","hoverImageUrl":"//thumbnail7.coupangcdn.com/thumbnails/remote/492x492ex/image/retail/images/281730381654109-320fec20-bcf0-4875-aede-0596376b26da.jpg","hoverSelectionText":"2kg × 1개","itemId":720227345,"optionItemName":"1개","selected":true,"soldOut":false,"vendorItemId":4822351124},{"action":{"event":{"url":"/vm/v5/products/227331483/vendor-items/86341409374?landingItemId=720227345\u0026landingProductId=227331483\u0026landingVendorItemId=4822351124"},"logging":{"alwaysSentLiveLog":false,"bypass":{"clickSchemas":[{"id":"10844","mandatory":{"logCategory":"event","logType":"click","pageName":"sdp","eventName":"click_sdp_option_comparison_table","domain":"sdp","sdpVisitKey":"r8zxql87j32wowg2wy","productId":227331483,"itemId":720227345,"vendorItemId":4822351124,"categoryId":"8234","clickArea":"option","clickValue":"option2:86341409374","isImage":false},"version":"9"}]}}},"defaultShow":true,"deliveryBadgeUrl":"https://image7.coupangcdn.com/image/coupang/rds/logo/hdpi/logo_fresh_small.png","deliveryType":"ROCKET_FRESH","finalPrice":"38,660원","finalUnitPrice":"100g당 967원","finalUnitPriceLabel":"(최저 단위가)","hoverImageUrl":"//thumbnail9.coupangcdn.com/thumbnails/remote/492x492ex/image/retail/images/f4ea6579-c101-432a-bf4d-b30b8ae8f41a247874356605396183.png","hoverSelectionText":"2kg × 2개","itemId":19224738085,"optionItemName":"2개","selected":false,"soldOut":false,"vendorItemId":86341409374}],"seeAllButton":{"action":{"logging":{"alwaysSentLiveLog":false,"bypass":{"clickSchemas":[{"id":"10844","mandatory":{"logCategory":"event","logType":"click","pageName":"sdp","eventName":"click_sdp_option_comparison_table","domain":"sdp","sdpVisitKey":"r8zxql87j32wowg2wy","productId":227331483,"itemId":720227345,"vendorItemId":4822351124,"categoryId":"8234","clickArea":"seeAll","clickValue":"모든 옵션 보기","isImage":false,"isToggleOn":true},"version":"9"}]}}},"buttonText":"모든 옵션 보기"},"style":"SHORT_ATTR","tableId":"ODQ3OHwya2c","viewType":"PRODUCT_OPTION_TABLE_LIST_VIEW"},{"items":[{"action":{"event":{"url":"vp/products/227331483/vendoritems/4822351124"},"logging":{"alwaysSentLiveLog":false,"bypass":{"clickSchemas":[{"id":"5104","mandatory":{"domain":"sdp","logCategory":"event","logType":"click","pageName":"option_list","eventName":"option_list_click","sdpVisitKey":"r8zxql87j32wowg2wy","vendorItemId":4822351124,"vendorItemIdAttributes":"2kg_1개_unitPrice:997_vendorItemPrice:19930_deliveryType:ROCKET_FRESH_deliveryFee:0"},"version":"4"}],"exposureSchema":{"id":"5112","mandatory":{"logCategory":"impression","logType":"impression","pageName":"option_list","eventName":"option_list_item_impression","domain":"sdp","referSdpItem":"p227331483_i720227345_v4822351124","sdpVisitKey":"r8zxql87j32wowg2wy","vendorItemId":"4822351124","vendorItemIdAttributes":"2kg_1개_unitPrice:997_vendorItemPrice:19930_deliveryType:ROCKET_FRESH_deliveryFee:0"},"version":"6"}}}},"deliveryInfo":{"deliveryBadge":{"height":16,"url":"https://image8.coupangcdn.com/image/coupang/rds/logo/hdpi/logo_fresh_medium.png","width":75},"deliveryDateColor":"GREEN","deliveryDateDescriptions":"내일(토) 새벽 도착 보장"},"itemBasicInfo":{"invalid":false,"itemId":720227345,"itemName":"2kg × 1개","vendorItemId":4822351124},"priceInfo":{"finalDeliveryDescription":"무료배송","finalPrice":"19,930원","finalUnitPrice":"(100g당 997원)"},"selected":true,"stockInfo":{"logistics":true,"restockNotification":false,"soldOut":false}},{"action":{"event":{"url":"vp/products/227331483/vendoritems/86341409374"},"logging":{"alwaysSentLiveLog":false,"bypass":{"clickSchemas":[{"id":"5104","mandatory":{"domain":"sdp","logCategory":"event","logType":"click","pageName":"option_list","eventName":"option_list_click","sdpVisitKey":"r8zxql87j32wowg2wy","vendorItemId":86341409374,"vendorItemIdAttributes":"2kg_2개_unitPrice:967_vendorItemPrice:38660_deliveryType:ROCKET_FRESH_deliveryFee:0"},"version":"4"}],"exposureSchema":{"id":"5112","mandatory":{"logCategory":"impression","logType":"impression","pageName":"option_list","eventName":"option_list_item_impression","domain":"sdp","referSdpItem":"p227331483_i720227345_v4822351124","sdpVisitKey":"r8zxql87j32wowg2wy","vendorItemId":"86341409374","vendorItemIdAttributes":"2kg_2개_unitPrice:967_vendorItemPrice:38660_deliveryType:ROCKET_FRESH_deliveryFee:0"},"version":"6"}}}},"deliveryInfo":{"deliveryBadge":{"height":16,"url":"https://image8.coupangcdn.com/image/coupang/rds/logo/hdpi/logo_fresh_medium.png","width":75},"deliveryDateColor":"GREEN","deliveryDateDescriptions":"내일(토) 새벽 도착 보장"},"itemBasicInfo":{"invalid":false,"itemId":19224738085,"itemName":"2kg × 2개","vendorItemId":86341409374},"priceInfo":{"finalDeliveryDescription":"무료배송","finalPrice":"38,660원","finalUnitPrice":"(100g당 967원)"},"stockInfo":{"logistics":true,"restockNotification":false,"soldOut":false}}],"titleName":"중량 × 수량","viewType":"PRODUCT_DETAIL_OPTION_LIST"},{"deliveryInfo":{"nonMemberDelivery":{"arrivalMessage":[{"color":"#00891A","size":14,"text":"내일(토) 새벽 7시 전"},{"color":"#00891A","size":14,"text":" 도착 보장"}],"deliveryBadge":{"height":16,"url":"https://image8.coupangcdn.com/image/coupang/rds/logo/hdpi/logo_fresh_medium.png","width":75},"shippingFeeTag":[{"bold":true,"color":"#212B36","size":14,"text":"무료배송"}]},"wowMemberDelivery":{"arrivalMessage":[{"color":"#00891A","size":14,"text":"내일(토) 새벽 7시 전"},{"color":"#00891A","size":14,"text":" 도착 보장"}],"deliveryBadge":{"height":16,"url":"https://image8.coupangcdn.com/image/coupang/rds/logo/hdpi/logo_fresh_medium.png","width":75},"shippingFeeTag":[{"bold":true,"color":"#212B36","size":14,"text":"무료배송"}]}},"itemInfo":{"itemId":720227345,"itemName":"하림 IFF 닭가슴살 (냉동)","productId":227331483,"thumbnailImage":{"height":60,"url":"https://image7.coupangcdn.com/image/retail/images/281730381654109-320fec20-bcf0-4875-aede-0596376b26da.jpg","width":60},"vendorItemId":4822351124},"priceInfo":{"finalPrice":{"applicable":true,"displayPrice":"19,930원","price":19930}},"viewType":"PRODUCT_DETAIL_HANDLEBAR_BASE_INFO"},{"pddList":[{"arrivalMessage":"내일(토) 새벽 7시 전 도착 보장","deliveryBadge":{"height":20,"url":"https://image6.coupangcdn.com/image/coupang/rds/logo/hdpi/logo_rocket_symbol_large.png","width":20},"deliveryBadgeLabel":"로켓배송","deliveryType":"ROCKET"}],"viewType":"PRODUCT_DETAIL_DELIVERY_INFO"},{"hasInstantDiscount":false,"hasOverThreshCoupon":false,"hasWowInstantDiscount":false,"hasWowOverThreshCoupon":false,"toolTipText":"무료배송•내일 도착 보장","totalDiscountPrice":0,"viewType":"PRODUCT_DETAIL_DP_TOOLTIP"},{"viewType":"PRODUCT_DETAIL_SELLER_INFO"}],"freebieBenefit":null,"directBuyUTInfo":null,"deliveryList":[{"type":"ROCKET_DELIVERY","title":null,"speedType":"OVERNIGHT","rocketWowQuestionMark":true,"loyaltyButtonText":"로켓와우 무료 체험하기","logistics":true,"hideQuestionMark":false,"extremeDescriptions":null,"descriptions":"\u003Cem class=\u0027prod-txt-onyx prod-txt-green-2\u0027\u003E내일(토)\u003C/em\u003E\u003Cem class=\u0027prod-txt-onyx  prod-txt-green-normal\u0027\u003E 새벽 도착 보장\u003C/em\u003E","descriptionIcon":null,"descriptionBadge":null,"deliveryReminderMessage":"\u003Cem class=\u0027prod-txt-onyx prod-txt-blue\u0027\u003E로켓와우 전용\u003C/em\u003E","deliveryNotice":null,"deliveryExtraInfo":[{"text":"서울⋅경기 기준","strikethrough":null,"size":0,"helpUrl":null,"expectedLineBreak":null,"color":"","bold":null,"alpha":null}],"delayMessage":null,"countDownMillisecond":null,"countDownMessage":"\u003Cem class=\u0027prod-txt-onyx\u0027\u003E밤 12시 전 주문 시\u003C/em\u003E","companyLabel":null,"company":null,"badgeUrl":"//image7.coupangcdn.com/image/mobile_app/v3/brandsdp/loyalty/pc/rocket-fresh@2x.png"}],"delivery":{"type":"ROCKET_DELIVERY","title":null,"speedType":"OVERNIGHT","rocketWowQuestionMark":true,"loyaltyButtonText":"로켓와우 무료 체험하기","logistics":true,"hideQuestionMark":false,"extremeDescriptions":null,"descriptions":"\u003Cem class=\u0027prod-txt-onyx prod-txt-green-2\u0027\u003E내일(토)\u003C/em\u003E\u003Cem class=\u0027prod-txt-onyx  prod-txt-green-normal\u0027\u003E 새벽 도착 보장\u003C/em\u003E","descriptionIcon":null,"descriptionBadge":null,"deliveryReminderMessage":"\u003Cem class=\u0027prod-txt-onyx prod-txt-blue\u0027\u003E로켓와우 전용\u003C/em\u003E","deliveryNotice":null,"deliveryExtraInfo":[{"text":"서울⋅경기 기준","strikethrough":null,"size":0,"helpUrl":null,"expectedLineBreak":null,"color":"","bold":null,"alpha":null}],"delayMessage":null,"countDownMillisecond":null,"countDownMessage":"\u003Cem class=\u0027prod-txt-onyx\u0027\u003E밤 12시 전 주문 시\u003C/em\u003E","companyLabel":null,"company":null,"badgeUrl":"//image7.coupangcdn.com/image/mobile_app/v3/brandsdp/loyalty/pc/rocket-fresh@2x.png"},"cashBackSummary":{"targetedPromotionBanner":null,"rewardCashAmount":null,"popupType":"WITHEXTRA","luxuryItem":false,"i18nRewardCashAmount":null,"i18nFinalCashBackAmtIncludeRewardCashAmount":{"rawAmount":996,"fractionDigits":0,"currency":"KRW","amount":"996"},"i18nFinalCashBackAmt":{"rawAmount":996,"fractionDigits":0,"currency":"KRW","amount":"996"},"i18nCouPayMoneyAmt":{"rawAmount":797,"fractionDigits":0,"currency":"KRW","amount":"797"},"i18nCouPayBankAmt":{"rawAmount":399,"fractionDigits":0,"currency":"KRW","amount":"399"},"i18nClubMemberCashAmt":null,"i18nBasicRocketPayCashAmt":{"rawAmount":199,"fractionDigits":0,"currency":"KRW","amount":"199"},"finalCashBackAmtIncludeRewardCashAmount":996,"finalCashBackAmt":996,"extraCashBackList":[{"validity":"이벤트 기간 30일, 최대 2만원","type":"COU_BANK","rate":"2","leftDays":2463,"i18nAmount":{"rawAmount":399,"fractionDigits":0,"currency":"KRW","amount":"399"},"expired":false,"benefit":"[로켓와우 + 쿠페이 계좌이체] 결제 시 2% 적립","amount":399},{"validity":"이벤트 기간 30일, 최대 4만원","type":"COU_MONEY","rate":"4","leftDays":2463,"i18nAmount":{"rawAmount":797,"fractionDigits":0,"currency":"KRW","amount":"797"},"expired":false,"benefit":"[로켓와우 + 쿠페이 머니] 결제 시 4% 추가적립","amount":797}],"couPayMoneyRate":"4","couPayMoneyLeftDays":2463,"couPayMoneyExpires":false,"couPayMoneyAmt":797,"couPayBankRate":"2","couPayBankLeftDays":2463,"couPayBankExpires":false,"couPayBankAmt":399,"clubMemberRewardLeftDays":null,"clubMemberRewardExpiryTime":null,"clubMemberRewardExpires":null,"clubMemberRate":null,"clubMemberCashAmt":null,"cashWidgetIconUrl":"//image6.coupangcdn.com/image/badges/sdp/cashback/web/cash-icon@2x.png","cashIconUrl":"//image6.coupangcdn.com/image/badges/cashback/web/list-cash-icon@2x.png","cashBackTitle":"캐시적립 혜택","basicRocketPayRate":"1","basicRocketPayCashAmt":199,"basicCashBackList":[{"validity":"월 최대 1만원","type":"BASIC","rate":"1","leftDays":null,"i18nAmount":{"rawAmount":199,"fractionDigits":0,"currency":"KRW","amount":"199"},"expired":false,"benefit":"쿠페이 머니 결제 시 1% 적립","amount":199}]},"bundleOption":null,"benefitDisplayType":null,"applyDirectBuyUTInfo":"A","appliedCoupon":null,"abFlags":{"applyExtremeProminenceFreeDeliveryMessages":"A","ab54632":"B"}}],"preOrderVo":null,"otherSellerCount":null,"offerDescription":null,"offerBanner":null,"memberInfo":null,"luxuryDiscountBenefit":null,"linkedVendorItemInfo":null,"limitNoticeVo":null,"itemName":"하림 IFF 닭가슴살 (냉동), 2kg, 1개","itemId":720227345,"inventory":null,"invalid":false,"images":[{"thumbnailImage":"//thumbnail7.coupangcdn.com/thumbnails/remote/48x48ex/image/retail/images/281730381654109-320fec20-bcf0-4875-aede-0596376b26da.jpg","preloadImage":"//thumbnail7.coupangcdn.com/thumbnails/remote/230x230ex/image/retail/images/281730381654109-320fec20-bcf0-4875-aede-0596376b26da.jpg","origin":"//image7.coupangcdn.com/image/retail/images/281730381654109-320fec20-bcf0-4875-aede-0596376b26da.jpg","detailImage":"//thumbnail7.coupangcdn.com/thumbnails/remote/492x492ex/image/retail/images/281730381654109-320fec20-bcf0-4875-aede-0596376b26da.jpg"},{"thumbnailImage":"//thumbnail7.coupangcdn.com/thumbnails/remote/48x48ex/image/retail/images/5061536962553-d1a7df12-8375-4b7b-8396-356b19e9b5e5.jpg","preloadImage":"//thumbnail7.coupangcdn.com/thumbnails/remote/230x230ex/image/retail/images/5061536962553-d1a7df12-8375-4b7b-8396-356b19e9b5e5.jpg","origin":"//image7.coupangcdn.com/image/retail/images/5061536962553-d1a7df12-8375-4b7b-8396-356b19e9b5e5.jpg","detailImage":"//thumbnail7.coupangcdn.com/thumbnails/remote/492x492ex/image/retail/images/5061536962553-d1a7df12-8375-4b7b-8396-356b19e9b5e5.jpg"},{"thumbnailImage":"//thumbnail8.coupangcdn.com/thumbnails/remote/48x48ex/image/retail/images/5064294520251-d9acc5aa-a5b6-4c6c-9f16-7813874d2d12.jpg","preloadImage":"//thumbnail8.coupangcdn.com/thumbnails/remote/230x230ex/image/retail/images/5064294520251-d9acc5aa-a5b6-4c6c-9f16-7813874d2d12.jpg","origin":"//image8.coupangcdn.com/image/retail/images/5064294520251-d9acc5aa-a5b6-4c6c-9f16-7813874d2d12.jpg","detailImage":"//thumbnail8.coupangcdn.com/thumbnails/remote/492x492ex/image/retail/images/5064294520251-d9acc5aa-a5b6-4c6c-9f16-7813874d2d12.jpg"},{"thumbnailImage":"//thumbnail7.coupangcdn.com/thumbnails/remote/48x48ex/image/retail/images/241286071897256-48dc1b97-3670-40b9-b6d1-a466d392ca05.jpg","preloadImage":"//thumbnail7.coupangcdn.com/thumbnails/remote/230x230ex/image/retail/images/241286071897256-48dc1b97-3670-40b9-b6d1-a466d392ca05.jpg","origin":"//image7.coupangcdn.com/image/retail/images/241286071897256-48dc1b97-3670-40b9-b6d1-a466d392ca05.jpg","detailImage":"//thumbnail7.coupangcdn.com/thumbnails/remote/492x492ex/image/retail/images/241286071897256-48dc1b97-3670-40b9-b6d1-a466d392ca05.jpg"},{"thumbnailImage":"//thumbnail8.coupangcdn.com/thumbnails/remote/48x48ex/image/retail/images/241285687043643-4794f8c2-23f7-495a-8dac-7b30622a63d3.jpg","preloadImage":"//thumbnail8.coupangcdn.com/thumbnails/remote/230x230ex/image/retail/images/241285687043643-4794f8c2-23f7-495a-8dac-7b30622a63d3.jpg","origin":"//image8.coupangcdn.com/image/retail/images/241285687043643-4794f8c2-23f7-495a-8dac-7b30622a63d3.jpg","detailImage":"//thumbnail8.coupangcdn.com/thumbnails/remote/492x492ex/image/retail/images/241285687043643-4794f8c2-23f7-495a-8dac-7b30622a63d3.jpg"},{"thumbnailImage":"//thumbnail10.coupangcdn.com/thumbnails/remote/48x48ex/image/retail/images/5458783255379302-627ead7b-61e0-4d26-9310-62b4c0a3a78f.jpg","preloadImage":"//thumbnail10.coupangcdn.com/thumbnails/remote/230x230ex/image/retail/images/5458783255379302-627ead7b-61e0-4d26-9310-62b4c0a3a78f.jpg","origin":"//image10.coupangcdn.com/image/retail/images/5458783255379302-627ead7b-61e0-4d26-9310-62b4c0a3a78f.jpg","detailImage":"//thumbnail10.coupangcdn.com/thumbnails/remote/492x492ex/image/retail/images/5458783255379302-627ead7b-61e0-4d26-9310-62b4c0a3a78f.jpg"},{"thumbnailImage":"//thumbnail7.coupangcdn.com/thumbnails/remote/48x48ex/image/retail/images/657825137347314-d74febb9-8ce1-4814-98ed-3a0ed9bbcaf0.jpg","preloadImage":"//thumbnail7.coupangcdn.com/thumbnails/remote/230x230ex/image/retail/images/657825137347314-d74febb9-8ce1-4814-98ed-3a0ed9bbcaf0.jpg","origin":"//image7.coupangcdn.com/image/retail/images/657825137347314-d74febb9-8ce1-4814-98ed-3a0ed9bbcaf0.jpg","detailImage":"//thumbnail7.coupangcdn.com/thumbnails/remote/492x492ex/image/retail/images/657825137347314-d74febb9-8ce1-4814-98ed-3a0ed9bbcaf0.jpg"}],"goldFish":false,"giftcard":false,"freshEligible":false,"easePayment":null,"discountBenefitDescriptionList":null,"discountBenefitDescription":null,"deliveryAttribute":false,"dawnOnly":false,"couponList":null,"ccidInfo":null,"ccidEligible":false,"cashBackSummary":null,"buyableQuantity":30,"bundleOption":null,"blockInfo":null,"bizBadge":null,"badgeMap":{},"authors":null,"attributeTitle":null,"apiUrlMap":{"addToCartUrl":"coupang://addCart?itemId=720227345\u0026productId=227331483\u0026vendorItemId=4822351124\u0026sourceType=offerDetail\u0026price=19930\u0026sdpVisitKey=\u0026isLoser=false\u0026offerStatus=NEW","shippingConsolidationUrl":null},"almostSoldOut":false}}},"offerDescription":"","offerBanner":null,"moduleData":null,"memberInfo":{"withdrawOrOnHold":false,"withdraw":false,"redCarpetPromotionPopupInfoVo":null,"pseudoMember":false,"onHoldMember":false,"memberName":null,"loyaltyMemberExcludePseudoMember":false,"loyaltyMember":false,"eligibleAddress":true},"luxuryDiscountBenefit":null,"linkedVendorItemInfo":null,"limitNoticeVo":null,"leafCategoryInfo":{"parentsCategoryNames":["가금육","축산","로켓프레시","KAN","HOME"],"name":"닭 부분육","componentId":null,"categoryId":8234},"lapseFloatingNudgeVo":null,"itemName":"하림 IFF 닭가슴살 (냉동), 2kg, 1개","itemId":720227345,"inventory":null,"invalid":false,"images":[{"thumbnailImage":"//thumbnail7.coupangcdn.com/thumbnails/remote/48x48ex/image/retail/images/281730381654109-320fec20-bcf0-4875-aede-0596376b26da.jpg","preloadImage":"//thumbnail7.coupangcdn.com/thumbnails/remote/230x230ex/image/retail/images/281730381654109-320fec20-bcf0-4875-aede-0596376b26da.jpg","origin":"//image7.coupangcdn.com/image/retail/images/281730381654109-320fec20-bcf0-4875-aede-0596376b26da.jpg","detailImage":"//thumbnail7.coupangcdn.com/thumbnails/remote/492x492ex/image/retail/images/281730381654109-320fec20-bcf0-4875-aede-0596376b26da.jpg"},{"thumbnailImage":"//thumbnail7.coupangcdn.com/thumbnails/remote/48x48ex/image/retail/images/5061536962553-d1a7df12-8375-4b7b-8396-356b19e9b5e5.jpg","preloadImage":"//thumbnail7.coupangcdn.com/thumbnails/remote/230x230ex/image/retail/images/5061536962553-d1a7df12-8375-4b7b-8396-356b19e9b5e5.jpg","origin":"//image7.coupangcdn.com/image/retail/images/5061536962553-d1a7df12-8375-4b7b-8396-356b19e9b5e5.jpg","detailImage":"//thumbnail7.coupangcdn.com/thumbnails/remote/492x492ex/image/retail/images/5061536962553-d1a7df12-8375-4b7b-8396-356b19e9b5e5.jpg"},{"thumbnailImage":"//thumbnail8.coupangcdn.com/thumbnails/remote/48x48ex/image/retail/images/5064294520251-d9acc5aa-a5b6-4c6c-9f16-7813874d2d12.jpg","preloadImage":"//thumbnail8.coupangcdn.com/thumbnails/remote/230x230ex/image/retail/images/5064294520251-d9acc5aa-a5b6-4c6c-9f16-7813874d2d12.jpg","origin":"//image8.coupangcdn.com/image/retail/images/5064294520251-d9acc5aa-a5b6-4c6c-9f16-7813874d2d12.jpg","detailImage":"//thumbnail8.coupangcdn.com/thumbnails/remote/492x492ex/image/retail/images/5064294520251-d9acc5aa-a5b6-4c6c-9f16-7813874d2d12.jpg"},{"thumbnailImage":"//thumbnail7.coupangcdn.com/thumbnails/remote/48x48ex/image/retail/images/241286071897256-48dc1b97-3670-40b9-b6d1-a466d392ca05.jpg","preloadImage":"//thumbnail7.coupangcdn.com/thumbnails/remote/230x230ex/image/retail/images/241286071897256-48dc1b97-3670-40b9-b6d1-a466d392ca05.jpg","origin":"//image7.coupangcdn.com/image/retail/images/241286071897256-48dc1b97-3670-40b9-b6d1-a466d392ca05.jpg","detailImage":"//thumbnail7.coupangcdn.com/thumbnails/remote/492x492ex/image/retail/images/241286071897256-48dc1b97-3670-40b9-b6d1-a466d392ca05.jpg"},{"thumbnailImage":"//thumbnail8.coupangcdn.com/thumbnails/remote/48x48ex/image/retail/images/241285687043643-4794f8c2-23f7-495a-8dac-7b30622a63d3.jpg","preloadImage":"//thumbnail8.coupangcdn.com/thumbnails/remote/230x230ex/image/retail/images/241285687043643-4794f8c2-23f7-495a-8dac-7b30622a63d3.jpg","origin":"//image8.coupangcdn.com/image/retail/images/241285687043643-4794f8c2-23f7-495a-8dac-7b30622a63d3.jpg","detailImage":"//thumbnail8.coupangcdn.com/thumbnails/remote/492x492ex/image/retail/images/241285687043643-4794f8c2-23f7-495a-8dac-7b30622a63d3.jpg"},{"thumbnailImage":"//thumbnail10.coupangcdn.com/thumbnails/remote/48x48ex/image/retail/images/5458783255379302-627ead7b-61e0-4d26-9310-62b4c0a3a78f.jpg","preloadImage":"//thumbnail10.coupangcdn.com/thumbnails/remote/230x230ex/image/retail/images/5458783255379302-627ead7b-61e0-4d26-9310-62b4c0a3a78f.jpg","origin":"//image10.coupangcdn.com/image/retail/images/5458783255379302-627ead7b-61e0-4d26-9310-62b4c0a3a78f.jpg","detailImage":"//thumbnail10.coupangcdn.com/thumbnails/remote/492x492ex/image/retail/images/5458783255379302-627ead7b-61e0-4d26-9310-62b4c0a3a78f.jpg"},{"thumbnailImage":"//thumbnail7.coupangcdn.com/thumbnails/remote/48x48ex/image/retail/images/657825137347314-d74febb9-8ce1-4814-98ed-3a0ed9bbcaf0.jpg","preloadImage":"//thumbnail7.coupangcdn.com/thumbnails/remote/230x230ex/image/retail/images/657825137347314-d74febb9-8ce1-4814-98ed-3a0ed9bbcaf0.jpg","origin":"//image7.coupangcdn.com/image/retail/images/657825137347314-d74febb9-8ce1-4814-98ed-3a0ed9bbcaf0.jpg","detailImage":"//thumbnail7.coupangcdn.com/thumbnails/remote/492x492ex/image/retail/images/657825137347314-d74febb9-8ce1-4814-98ed-3a0ed9bbcaf0.jpg"}],"hasBrandShop":true,"goldFish":false,"giftcard":false,"freshEligible":true,"familyAndFriends":false,"easePayment":{"title":"PC에서도 간편한 결제","list":[{"text":"쿠페이머니","icon":"//image7.coupangcdn.com/image/coupang/common/payment/coupaymoney_color@4x.png"},{"text":"카드","icon":"//image10.coupangcdn.com/image/coupang/common/payment/card_color@4x.png"},{"text":"계좌이체","icon":"//image8.coupangcdn.com/image/coupang/common/payment/bankbook_color@4x.png"}],"easyPaymentText":"안전하게 간편 결제","easePaymentMessageForRegABTestOption":"B","digitPwdText":"6자리 비밀번호 최초 1회 등록 시","digitPwdIcon":"//image7.coupangcdn.com/image/coupang/common/payment/passcode_lock_color@4x.png"},"discountBenefitDescriptionList":null,"discountBenefitDescription":null,"detailProductType":null,"deliveryAttribute":false,"dawnOnly":true,"couponList":[],"countryOfOrigin":"원산지: 컨텐츠 참조","ccidInfo":null,"ccidEligible":false,"category":null,"cashBackSummary":{"targetedPromotionBanner":null,"rewardCashAmount":null,"popupType":"WITHEXTRA","luxuryItem":false,"i18nRewardCashAmount":null,"i18nFinalCashBackAmtIncludeRewardCashAmount":{"rawAmount":996,"fractionDigits":0,"currency":"KRW","amount":"996"},"i18nFinalCashBackAmt":{"rawAmount":996,"fractionDigits":0,"currency":"KRW","amount":"996"},"i18nCouPayMoneyAmt":{"rawAmount":797,"fractionDigits":0,"currency":"KRW","amount":"797"},"i18nCouPayBankAmt":{"rawAmount":399,"fractionDigits":0,"currency":"KRW","amount":"399"},"i18nClubMemberCashAmt":null,"i18nBasicRocketPayCashAmt":{"rawAmount":199,"fractionDigits":0,"currency":"KRW","amount":"199"},"finalCashBackAmtIncludeRewardCashAmount":996,"finalCashBackAmt":996,"extraCashBackList":[{"validity":"이벤트 기간 30일, 최대 2만원","type":"COU_BANK","rate":"2","leftDays":2463,"i18nAmount":{"rawAmount":399,"fractionDigits":0,"currency":"KRW","amount":"399"},"expired":false,"benefit":"[로켓와우 + 쿠페이 계좌이체] 결제 시 2% 적립","amount":399},{"validity":"이벤트 기간 30일, 최대 4만원","type":"COU_MONEY","rate":"4","leftDays":2463,"i18nAmount":{"rawAmount":797,"fractionDigits":0,"currency":"KRW","amount":"797"},"expired":false,"benefit":"[로켓와우 + 쿠페이 머니] 결제 시 4% 추가적립","amount":797}],"couPayMoneyRate":"4","couPayMoneyLeftDays":2463,"couPayMoneyExpires":false,"couPayMoneyAmt":797,"couPayBankRate":"2","couPayBankLeftDays":2463,"couPayBankExpires":false,"couPayBankAmt":399,"clubMemberRewardLeftDays":null,"clubMemberRewardExpiryTime":null,"clubMemberRewardExpires":null,"clubMemberRate":null,"clubMemberCashAmt":null,"cashWidgetIconUrl":"//image6.coupangcdn.com/image/badges/sdp/cashback/web/cash-icon@2x.png","cashIconUrl":"//image6.coupangcdn.com/image/badges/cashback/web/list-cash-icon@2x.png","cashBackTitle":"캐시적립 혜택","basicRocketPayRate":"1","basicRocketPayCashAmt":199,"basicCashBackList":[{"validity":"월 최대 1만원","type":"BASIC","rate":"1","leftDays":null,"i18nAmount":{"rawAmount":199,"fractionDigits":0,"currency":"KRW","amount":"199"},"expired":false,"benefit":"쿠페이 머니 결제 시 1% 적립","amount":199}]},"buyableQuantity":30,"bundleOption":{"viewType":null,"options":[],"optionDetails":null},"brandShopPlusUrl":"https://shop.coupang.com/vid/brand-plus/A00054504/v1url/https%3A%2F%2Fwww.coupang.com%2Fnp%2Fproducts%2Fbrand-shop%3FbrandName%3D%ED%95%98%EB%A6%BCIFF?source=brandstore_sdp_atf_topbadge\u0026pid=227331483\u0026viid=4822351124\u0026platform=p","brandShopLogoUrl":null,"brandShopAuthenticityBadgeUrl":null,"brand":"하림IFF","blockInfo":null,"bizBadge":null,"betterOffer":null,"badgeMap":{"OFFER_BADGE":{"type":"TEXT","text":null,"showPopup":false,"iconUrl":null,"helpLink":"coupang://popupWebView?hidden=N\u0026url=https%3A%2F%2Fm.coupang.com%2Fvm%2Fproducts%2Fused-status-description"},"USAGE_BADGE":{"type":"TEXT","text":null,"showPopup":false,"iconUrl":null,"helpLink":"coupang://popupWebView?hidden=N\u0026url=https%3A%2F%2Fm.coupang.com%2Fvm%2Fproducts%2Fused-status-description"}},"authors":null,"attributeTitle":"2kg · 1개","apiUrlMap":{"addToCartUrl":"coupang://addCart?itemId=720227345\u0026productId=227331483\u0026vendorItemId=4822351124\u0026sourceType=offerDetail\u0026price=19930\u0026sdpVisitKey=y8lwb8b4kwps4yk73p\u0026isLoser=false\u0026offerStatus=NEW","shippingConsolidationUrl":null},"almostSoldOut":false,"adultWarning":null,"adult":false,"additionalData":{"expirationDate":"2025-03-23"},"accountType":null,"abFlags":{"ab51588":"A","delayedPddDesignChange":"false","fixBugPEQA29162":"B","addingDisclaimerForReturnedItems":"true","ff3945":"B","beautyLuxuryABTest":"A","applyNewPostCouponModule":"B","applyStrikeCompanyNotice":"false","fixBugForPEQA29473":"B","applyNewPricePolicy":"B","applyPricePolicy":"B","applyResponsivePC":"B","simplifyCoupayMessage":"B","pcUsedBannerTc":"B","sdpAtfImageVideoImpression":"B","displayTopReviewAttribute":"B","sdpZoomInABTest":"true","pcCeInstantOptionPickerExperiment":"B"}};
        exports.sdpIssueTypes = {"DEFAULT":"상세페이지의 어느 부분인가요?","BRAND":"브랜드","IMAGE":"대표이미지 \u003Cem\u003E(상단 상품이미지)\u003C/em\u003E","TITLE":"상품명","CATEGORY":"카테고리 \u003Cem\u003E(식품/뷰티/주방용품 등)\u003C/em\u003E","ATTRIBUTE":"구매옵션 \u003Cem\u003E(용량/수량/사이즈/색상 등)\u003C/em\u003E","CONTENT_DETAIL":"상품상세 \u003Cem\u003E(하단 상품의 특장점을 소개하는 글과 이미지)\u003C/em\u003E","ETC":"기타"};
        exports.pureServerTime = 157;
        exports.vCdnImage = "//image6.coupangcdn.com/image/";
    })(window);
  </script>
  <script src="//asset2.coupangcdn.com/customjs/pacifik/1.5.1/pacifik.polyfill.min.js" type="text/javascript">
  </script>
  <script src="//asset2.coupangcdn.com/customjs/pacifik/1.5.1/pacifik.min.js" type="text/javascript">
  </script>
  <script src="//asset2.coupangcdn.com/customjs/pacifik/1.5.1/pacifik.helpers.min.js" type="text/javascript">
  </script>
  <script src="/resources/20240530174127/np/js/lib/pacifik/messages.ko-KR.js" type="text/javascript">
  </script>
  <script>
   // fix Pacifik is undefined
    if(!window.Pacifik){
        window.Pacifik = {}
    }
    // Fix Pacifik.formatMessage and Pacifik.cdnImageUrl is undefined 
    if(Object.prototype.toString.call(Pacifik.formatMessage)!=='[object Function]'){
        Pacifik.formatMessage = function(key,defaultValue){ return defaultValue}
    }
    if(Object.prototype.toString.call(Pacifik.cdnImageUrl)!=='[object Function]'){
        Pacifik.cdnImageUrl = function(url){ return url }
    }

    // Fix js log error Can't find variable: onScrollFromFirstScreen https://www.coupang.com/np/campaigns/18530 ticket：PEUI-1595
    window.onScrollFromFirstScreen = function(){}
    Pacifik.setSite({"site":"KR","locale":"ko-KR","currency":{"code":"KRW","unit":"원","layout":"price-unit","digitFraction":0,"unitType":"TEXT"}});

    Pacifik.intl({
        'ko-KR': Pacifik.messages
    });
  </script>
  <script>
   bazadebezolkohpepadr="1786047579"
  </script>
  <script defer="" src="https://www.coupang.com/akam/13/6a74ee99" type="text/javascript">
  </script>
  <script async="" charset="utf-8" data-requirecontext="coupangWeb" data-requiremodule="jquery" src="//asset2.coupangcdn.com/cdnjs/jquery/1.11.1/jquery.min.js" type="text/javascript">
  </script>
  <script async="" charset="utf-8" data-requirecontext="coupangWeb" data-requiremodule="intersectionObserver" src="/resources/20240530174127/np/js/modules/../lib/intersection-observer/intersection-observer-min.js" type="text/javascript">
  </script>
  <script async="" charset="utf-8" data-requirecontext="coupangWeb" data-requiremodule="couLog" src="//asset2.coupangcdn.com/customjs/cou-log/2.0.0/cou-log.min.js" type="text/javascript">
  </script>
  <script async="" charset="utf-8" data-requirecontext="coupangWeb" data-requiremodule="redwood/sdp/atf/container" src="/resources/20240530174127/np/js/modules/redwood/sdp/atf/container.js" type="text/javascript">
  </script>
  <script async="false" id="id_cp_i18n_replace_locale">
   function __cp_i18n_replace_locale__(css) { 	    var r = css, locale = ''; 	    var groups = /x-coupang-accept-language=([w-]+)/.exec(document.cookie); 	    if (groups && groups[1]) { 	      locale = groups[1]; 	    } else { 	      locale = 	        window['x-coupang-accept-language'] || 	        document.documentElement.getAttribute('lang') || 	        'ko_KR'; 		} 				locale = locale.replace(/(.+)-(.+)/g, '$1_$2'); 	  	    if (r) { 	      if (/^ko/.test(locale)) { 	        r = r.replace(/<!--LOCALE-->\//gm, ''); 	      } else { 	        r = r.replace(/<!--LOCALE-->/gm, locale); 	      } 	    } 	  	    return r; 	}
  </script>
  <style type="text/css">
   .prod-shadow{display:none;position:fixed;z-index:1000;left:0;right:0;top:0;bottom:0;background:#000;opacity:.6;filter:alpha(opacity=60);-ms-filter:"progid:DXImageTransform.Microsoft.Alpha(Opacity=60)";-moz-opacity:.6;-khtml-opacity:.6}
  </style>
  <style type="text/css">
   .select-recommend-item{border:1px solid #0073e9}.select-recommend-item-title{color:#0073e9}.recommendation{padding-top:30px;border-top:1px solid #eee}.recommendation .hps-pagination-buttons__next,.recommendation .hps-pagination-buttons__prev{top:60px!important}.recommendation-header{width:100%;height:18px;padding-bottom:14px;margin-bottom:20px}.recommendation-footer{padding-top:30px;margin-bottom:-40px;text-align:end}.recommendation-header__title{float:left;font-size:18px;font-weight:700;color:#111}.recommendation-header__description{line-height:20px;font-size:13px;color:#555;margin-left:5px;vertical-align:text-bottom}.recommendation-footer__description{font-size:12px;color:#111;opacity:.2;vertical-align:text-bottom}.recommendation-header__description-icon{width:14px;height:14px;background:url(data:image/svg+xml;base64,PD94bWwgdmVyc2lvbj0iMS4wIiBlbmNvZGluZz0iVVRGLTgiPz4KPHN2ZyB3aWR0aD0iMTRweCIgaGVpZ2h0PSIxNHB4IiB2aWV3Qm94PSIwIDAgMTQgMTQiIHZlcnNpb249IjEuMSIgeG1sbnM9Imh0dHA6Ly93d3cudzMub3JnLzIwMDAvc3ZnIiB4bWxuczp4bGluaz0iaHR0cDovL3d3dy53My5vcmcvMTk5OS94bGluayI+CiAgICA8IS0tIEdlbmVyYXRvcjogU2tldGNoIDUwLjIgKDU1MDQ3KSAtIGh0dHA6Ly93d3cuYm9oZW1pYW5jb2RpbmcuY29tL3NrZXRjaCAtLT4KICAgIDx0aXRsZT5pYy1oZWxwLW91dGxpbmUtYmFsY2tAMXg8L3RpdGxlPgogICAgPGRlc2M+Q3JlYXRlZCB3aXRoIFNrZXRjaC48L2Rlc2M+CiAgICA8ZGVmcz48L2RlZnM+CiAgICA8ZyBpZD0iU0RQIiBzdHJva2U9Im5vbmUiIHN0cm9rZS13aWR0aD0iMSIgZmlsbD0ibm9uZSIgZmlsbC1ydWxlPSJldmVub2RkIj4KICAgICAgICA8ZyBpZD0idXNlZF9kZXRhaWwtY29weS0yIiB0cmFuc2Zvcm09InRyYW5zbGF0ZSgtMTA0Ny4wMDAwMDAsIC0zMDguMDAwMDAwKSI+CiAgICAgICAgICAgIDxnIGlkPSJHcm91cCIgdHJhbnNmb3JtPSJ0cmFuc2xhdGUoNzMxLjAwMDAwMCwgMzA1LjAwMDAwMCkiPgogICAgICAgICAgICAgICAgPGcgaWQ9IjE1LUVsZW1lbnRzLzAxLUxvZ28vaWMtaGVscC1vdXRsaW5lLWJhbGNrIiB0cmFuc2Zvcm09InRyYW5zbGF0ZSgzMTYuMDAwMDAwLCAzLjAwMDAwMCkiPgogICAgICAgICAgICAgICAgICAgIDxnIGlkPSJpbmZvLWJsYWNrIj4KICAgICAgICAgICAgICAgICAgICAgICAgPHBhdGggZD0iTTcsMTMuNDE2NjY2NyBDMTAuNTQzODI3MSwxMy40MTY2NjY3IDEzLjQxNjY2NjcsMTAuNTQzODI3MSAxMy40MTY2NjY3LDcgQzEzLjQxNjY2NjcsMy40NTYxNzI4NiAxMC41NDM4MjcxLDAuNTgzMzMzMzMzIDcsMC41ODMzMzMzMzMgQzMuNDU2MTcyODYsMC41ODMzMzMzMzMgMC41ODMzMzMzMzMsMy40NTYxNzI4NiAwLjU4MzMzMzMzMyw3IEMwLjU4MzMzMzMzMywxMC41NDM4MjcxIDMuNDU2MTcyODYsMTMuNDE2NjY2NyA3LDEzLjQxNjY2NjcgWiBNNywxNCBDMy4xMzQwMDY3NSwxNCAwLDEwLjg2NTk5MzIgMCw3IEMwLDMuMTM0MDA2NzUgMy4xMzQwMDY3NSwwIDcsMCBDMTAuODY1OTkzMiwwIDE0LDMuMTM0MDA2NzUgMTQsNyBDMTQsMTAuODY1OTkzMiAxMC44NjU5OTMyLDE0IDcsMTQgWiIgaWQ9IlJpbmciIGZpbGw9IiMzMzMzMzMiIGZpbGwtcnVsZT0ibm9uemVybyI+PC9wYXRoPgogICAgICAgICAgICAgICAgICAgICAgICA8cGF0aCBkPSJNNi40MTY2NjY2Nyw1LjgzMzMzMzMzIEw3LjU4MzMzMzMzLDUuODMzMzMzMzMgTDcuNTgzMzMzMzMsMTAuMTExMTExMSBMOC43NSwxMC41IEw1LjI1LDEwLjUgTDYuNDE2NjY2NjcsMTAuMTExMTExMSBMNi40MTY2NjY2Nyw2LjMgTDUuMjUsNS44MzMzMzMzMyBMNi40MTY2NjY2Nyw1LjgzMzMzMzMzIFogTTYuODU0MTY2NjcsNC45NTgzMzMzMyBDNi40NTE0NTkwNCw0Ljk1ODMzMzMzIDYuMTI1LDQuNjMxODc0MyA2LjEyNSw0LjIyOTE2NjY3IEM2LjEyNSwzLjgyNjQ1OTA0IDYuNDUxNDU5MDQsMy41IDYuODU0MTY2NjcsMy41IEM3LjI1Njg3NDMsMy41IDcuNTgzMzMzMzMsMy44MjY0NTkwNCA3LjU4MzMzMzMzLDQuMjI5MTY2NjcgQzcuNTgzMzMzMzMsNC42MzE4NzQzIDcuMjU2ODc0Myw0Ljk1ODMzMzMzIDYuODU0MTY2NjcsNC45NTgzMzMzMyBaIiBpZD0iQ29tYmluZWQtU2hhcGUiIGZpbGw9IiMxMTExMTEiPjwvcGF0aD4KICAgICAgICAgICAgICAgICAgICA8L2c+CiAgICAgICAgICAgICAgICA8L2c+CiAgICAgICAgICAgIDwvZz4KICAgICAgICA8L2c+CiAgICA8L2c+Cjwvc3ZnPgo=) no-repeat 0 0;-webkit-background-size:14px 14px;background-size:14px 14px;vertical-align:-2px;margin-left:3px;display:inline-block;position:relative}.recommendation-header__description-icon-tooltip{position:relative;border:1px solid #d9d5b4;background-color:#fffeed;padding:12px;font-size:12px;color:#333;display:none;z-index:1;position:fixed}.recommendation-header__description-icon-tooltip:after,.recommendation-header__description-icon-tooltip:before{top:100%;left:10%;border:solid transparent;content:" ";height:0;width:0;position:absolute;pointer-events:none}.recommendation-header__description-icon-tooltip:after{border-color:rgba(255,254,237,0);border-top-color:#fffeed;border-width:6px;margin-left:-6px}.recommendation-header__description-icon-tooltip:before{border-color:hsla(54,33%,78%,0);border-top-color:#d9d5b4;border-width:7px;margin-left:-7px}.recommendation-header__page-counter{display:block;float:right;font-size:14px;font-family:Tahoma;color:#555}.recommendation-header__page-counter em{font-weight:700;color:#111}
  </style>
  <style type="text/css">
   .select-recommend-item{border:1px solid #0073e9}.select-recommend-item-title{color:#0073e9}.ui-horizontal-pagination-scroller{width:100%;position:relative;overflow:hidden}.ui-horizontal-pagination-scroller table{font-family:Apple SD Gothic Neo,Malgun Gothic,Dotum,Helvetica Neue,Helvetica,Arial,sans-serif}.ui-horizontal-pagination-scroller:hover .hps-pagination-buttons__next,.ui-horizontal-pagination-scroller:hover .hps-pagination-buttons__prev{visibility:visible}.ui-horizontal-pagination-scroller .hps-scroll-inner{--webkit-transition:$property $duration $effect;-moz-transition:transform .5s ease;-ms-transition:transform .5s ease;-o-transition:transform .5s ease;transition:transform .5s ease}.ui-horizontal-pagination-scroller .hps-component-mountpoint{vertical-align:top}.ui-horizontal-pagination-scroller .hps-component-mountpoint>div{float:left}.ui-horizontal-pagination-scroller .hps-pagination-buttons__next,.ui-horizontal-pagination-scroller .hps-pagination-buttons__prev{visibility:hidden;position:absolute;top:95px;width:38px;height:54px;border:1px solid #eee;background:url("//img1a.coupangcdn.com/image/dragonstone/sdp/PCSDP_imageasset_171215-min.png") no-repeat;text-indent:-9999em;cursor:pointer;opacity:0;--webkit-transition:$property $duration $effect;-moz-transition:opacity .6s ease-in-out;-ms-transition:opacity .6s ease-in-out;-o-transition:opacity .6s ease-in-out;transition:opacity .6s ease-in-out}.ui-horizontal-pagination-scroller .hps-pagination-buttons__prev{left:0;background-position:-176px -265px}.ui-horizontal-pagination-scroller .hps-pagination-buttons__prev:hover{background-position:-272px -265px}.ui-horizontal-pagination-scroller .hps-pagination-buttons__next{right:0;background-position:-223px -265px}.ui-horizontal-pagination-scroller .hps-pagination-buttons__next:hover{background-position:-319px -265px}.ui-horizontal-pagination-scroller .hps-component-separator{padding-left:25px;border-right:1px solid #ddd}.ui-horizontal-pagination-scroller .hps-component-separator+.hps-component-mountpoint{padding-left:25px}
  </style>
  <style type="text/css">
   .select-recommend-item{border:1px solid #0073e9}.select-recommend-item-title{color:#0073e9}.new-ui-horizontal-pagination-scroller{width:900px;padding:0 40px;position:relative}.new-ui-horizontal-pagination-scroller table{font-family:Apple SD Gothic Neo,Malgun Gothic,Dotum,Helvetica Neue,Helvetica,Arial,sans-serif}.new-ui-horizontal-pagination-scroller .hps-scroll{width:100%;position:relative;overflow:hidden}.new-ui-horizontal-pagination-scroller .hps-scroll .hps-scroll-item{width:160px!important;margin:0 10px!important}.new-ui-horizontal-pagination-scroller .hps-scroll-inner{--webkit-transition:$property $duration $effect;-moz-transition:transform .5s ease;-ms-transition:transform .5s ease;-o-transition:transform .5s ease;transition:transform .5s ease}.new-ui-horizontal-pagination-scroller .hps-component-mountpoint{vertical-align:top}.new-ui-horizontal-pagination-scroller .hps-component-mountpoint>div{float:left}.new-ui-horizontal-pagination-scroller .hps-component-separator{padding-left:25px;border-right:1px solid #ddd}.new-ui-horizontal-pagination-scroller .hps-component-separator+.hps-component-mountpoint{padding-left:25px}.new-ui-horizontal-pagination-scroller .hps-pagination-buttons__next,.new-ui-horizontal-pagination-scroller .hps-pagination-buttons__prev{position:absolute;top:50%!important;width:36px;height:39px;border:1px solid #eee;background:url("//img1a.coupangcdn.com/image/fodium/desktop/widget-sdp-alsoviewedproducts-20160622.png") no-repeat;text-indent:-9999em;cursor:pointer;transform:translateY(-50%)}.new-ui-horizontal-pagination-scroller .hps-pagination-buttons__prev{left:0;background-position:-2px -43px}.new-ui-horizontal-pagination-scroller .hps-pagination-buttons__prev:hover{background-position:-40px -2px}.new-ui-horizontal-pagination-scroller .hps-pagination-buttons__next{right:0;background-position:-78px -2px}.new-ui-horizontal-pagination-scroller .hps-pagination-buttons__next:hover{background-position:-2px -2px}
  </style>
  <style type="text/css">
   .select-recommend-item{border:1px solid #0073e9}.select-recommend-item-title{color:#0073e9}.ui-recommendation-list{position:relative}.ui-recommendation-list .rl-header{width:100%;padding-bottom:20px}.ui-recommendation-list .rl-header__title{font-size:18px;font-weight:700;color:#111;display:inline-block}.ui-recommendation-list .rl-list{position:relative;margin:0 auto;overflow:hidden}.ui-recommendation-list .rl-list ul{width:9999px;overflow:hidden}.ui-recommendation-list .rl-item{float:left;width:144px;position:relative;margin-right:30px;overflow:hidden}.ui-recommendation-list .rl-item .cls_product-item-coupon-nudge{margin-top:3px;margin-bottom:0;display:flex;align-items:center;flex-wrap:wrap;gap:4px;color:#454f5b;font-size:12px}.ui-recommendation-list .rl-item .cls_product-item-coupon-nudge-icon{display:inline-block;position:relative;padding-right:5px;white-space:nowrap}.ui-recommendation-list .rl-item .cls_product-item-coupon-nudge-icon:after{content:"";width:5px;height:20px;position:absolute;right:0;top:0;background:url(data:image/png;base64,iVBORw0KGgoAAAANSUhEUgAAAAoAAAAoCAYAAADHVmuAAAAACXBIWXMAABYlAAAWJQFJUiTwAAAAAXNSR0IArs4c6QAAAARnQU1BAACxjwv8YQUAAADJSURBVHgB7dPNCcIwGAbg7007QAU9OIU/E3QDcYGqIxRRV1DEGYwTWCewbtK7hfau9jNFPIj9+U5e7AuBHJ7kDSRBvJgwlQUUWIDf2ugIlfCV1FIYKKqP88h4L4F5+lLoSCE18MfQrhVMYUY42RUgZca4s9NhdbXC7I3Kq01de6uDj3WFjvnyVUCFteSIIAg9ETRxr/OpK4EExcd45Y3yebz0SPJdQwIf6m/GHIMYbvPC/wMycaAEKrlbylflm1BixvlmY9hd6+gJmQk+VQMQCsUAAAAASUVORK5CYII=) 100% 100% no-repeat;background-size:contain}.ui-recommendation-list .rl-item .cls_product-item-coupon-nudge-icon i{display:inline-block;height:20px;line-height:20px;box-sizing:border-box;font-style:normal;font-weight:700;border-radius:2px 0 0 2px;border:1px solid #fcd2cb;border-right:none;background:#fce9e6;padding:0 4px;color:#cb1400}.ui-recommendation-list .rl-item .cls_product-item-coupon-nudge-desc{font-family:system-ui,apple sd gothic neo,"\B9D1\C740   \ACE0\B515",malgun gothic,\\B098\B214\ACE0\B515,nanumgothic,\\B3CB\C6C0,dotum,sans-serif}.ui-recommendation-list .rl-item .cls_product-item-coupon-nudge-no-amount{margin-top:3px;margin-bottom:0;color:#454f5b;font-size:0}.ui-recommendation-list .rl-item .cls_product-item-coupon-nudge-no-amount-icon{width:16px;height:16px;display:inline-block;vertical-align:middle;background:url(data:image/png;base64,iVBORw0KGgoAAAANSUhEUgAAACAAAAAgCAYAAABzenr0AAAACXBIWXMAABYlAAAWJQFJUiTwAAAAAXNSR0IArs4c6QAAAARnQU1BAACxjwv8YQUAAAEhSURBVHgB7ZZNTsJAFMf/b4oxruxWGyNujR/cQDYu5BJyhN5APYFHQA4hurMHMBq/1qJRWBDSsAb6mIE2gUAC6WLegvkt+qYvk5lfk768BzgcwlC2iGu3ZY+8S+SE4w76rV/0v16WbyaKdu7f62ZZSC8veqSe9DHIC6ffstIJzNX/ytFB0Pi8VuZdP0JYRoH2J3GCDyEUhFlfAWZ6M7EAy+hauRskXN97/IisCzD4ZleX3nTOngCjGTzMXm6w+A9wc1HWngBTD6ICCmff5ZI/n7aHv7k1vIKggKnBsF05rv2dH5ZkBDDullW14b22Lk5CEYEMIj4VFchwAmOBRDcI2CahyITpobRoRjMi2kYOOO6mQ+nz0r0J6CdozPcFh0OEEcoGT4BWMnk5AAAAAElFTkSuQmCC) 100% 100% no-repeat;background-size:contain;margin-right:4px}.ui-recommendation-list .rl-item .cls_product-item-coupon-nudge-no-amount-desc{font-size:12px;font-family:system-ui,apple sd gothic neo,"\B9D1\C740   \ACE0\B515",malgun gothic,\\B098\B214\ACE0\B515,nanumgothic,\\B3CB\C6C0,dotum,sans-serif;vertical-align:middle}.ui-recommendation-list .rl-item.rl-last-item{margin-right:0}.ui-recommendation-list .rl-item a{display:inline-block;width:144px;height:auto;cursor:pointer}.ui-recommendation-list .rl-item a:hover .rl-item__title{text-decoration:none;color:#346aff}.ui-recommendation-list .rl-item__image-wrap{width:144px;height:144px;overflow:hidden}.ui-recommendation-list .rl-item__biz-dadge-wrap{margin-top:12px}.ui-recommendation-list .rl-item__biz-dadge-wrap img{height:20px}.ui-recommendation-list .rl-item__image{width:144px;height:144px;--webkit-transition:$property $duration $effect;-moz-transition:transform .2s ease;-ms-transition:transform .2s ease;-o-transition:transform .2s ease;transition:transform .2s ease}.ui-recommendation-list .rl-item__image:hover{-webkit-transform:scale(1.1);-moz-transform:scale(1.1);-ms-transform:scale(1.1);-o-transform:scale(1.1);transform:scale(1.1)}.ui-recommendation-list .rl-item__title{padding:12px 0 0;font-size:12px;color:#111;font-weight:400;display:block;display:-webkit-box;-webkit-line-clamp:2;-webkit-box-orient:vertical;overflow:hidden;text-overflow:ellipsis}.ui-recommendation-list .rl-item__review{width:100%;height:13px;padding-top:6px;overflow:hidden;clear:both}.ui-recommendation-list .rl-item__review-score-bg{display:block;float:left;width:69px;height:35px;background:url("//img1a.coupangcdn.com/image/dragonstone/sdp/PCSDP_imageasset_171215-min.png") no-repeat;background-position:0 -367px;text-indent:-9999px}.ui-recommendation-list .rl-item__review-score{display:block;width:69px;height:35px;background:url("//img1a.coupangcdn.com/image/dragonstone/sdp/PCSDP_imageasset_171215-min.png") no-repeat;background-position:0 -380px;text-indent:-9999px}.ui-recommendation-list .rl-item__review-count{display:block;float:left;line-height:1;margin-left:4px;font-family:Tahoma;font-weight:400;font-size:12px;color:#888}.ui-recommendation-list .rl-item__price{float:left;line-height:1;margin-top:6px;color:#ae0000;font-weight:700;font-size:12px;overflow:hidden;clear:both;margin-right:4px}.ui-recommendation-list .rl-item__price em{font-family:Tahoma;font-weight:700;font-size:14px}.ui-recommendation-list .rl-item__badge{float:left;margin-top:7px;width:auto;height:14px}.ui-recommendation-list .rl-item__unit-price{color:#ae0000;font-size:12px;margin-top:4px}
  </style>
  <style type="text/css">
   .select-recommend-item{border:1px solid #0073e9}.select-recommend-item-title{color:#0073e9}.popup-ui-horizontal-pagination-scroller{width:100%;position:relative;overflow:hidden}.popup-ui-horizontal-pagination-scroller table{font-family:Apple SD Gothic Neo,Malgun Gothic,Dotum,Helvetica Neue,Helvetica,Arial,sans-serif}.popup-ui-horizontal-pagination-scroller:hover .hps-pagination-buttons__next,.popup-ui-horizontal-pagination-scroller:hover .hps-pagination-buttons__prev{visibility:visible}.popup-ui-horizontal-pagination-scroller .hps-scroll-inner{--webkit-transition:$property $duration $effect;-moz-transition:transform .5s ease;-ms-transition:transform .5s ease;-o-transition:transform .5s ease;transition:transform .5s ease}.popup-ui-horizontal-pagination-scroller .hps-component-mountpoint{vertical-align:top}.popup-ui-horizontal-pagination-scroller .hps-component-mountpoint>div{float:left}.popup-ui-horizontal-pagination-scroller .hps-pagination-buttons__next,.popup-ui-horizontal-pagination-scroller .hps-pagination-buttons__prev{visibility:hidden;position:absolute;top:22px;width:25px;height:35px;border:1px solid #eee;cursor:pointer;opacity:0;box-shadow:-1px 0 2px 0 rgba(0,0,0,.18);border:1px solid rgba(0,0,0,.02);background-color:hsla(0,0%,100%,.9);--webkit-transition:$property $duration $effect;-moz-transition:opacity .6s ease-in-out;-ms-transition:opacity .6s ease-in-out;-o-transition:opacity .6s ease-in-out;transition:opacity .6s ease-in-out}.popup-ui-horizontal-pagination-scroller .hps-pagination-buttons__prev{left:0}.popup-ui-horizontal-pagination-scroller .hps-pagination-buttons__prev:hover .hps-pagination-buttons__pre-arrow{border-top:2px solid #346aff;border-left:2px solid #346aff}.popup-ui-horizontal-pagination-scroller .hps-pagination-buttons__prev .hps-pagination-buttons__pre-arrow{width:10px;height:10px;-webkit-transform:rotate(-45deg);-moz-transform:rotate(-45deg);-ms-transform:rotate(-45deg);-o-transform:rotate(-45deg);transform:rotate(-45deg);position:absolute;left:10px;top:12px;border-top:2px solid #aaa;border-left:2px solid #aaa}.popup-ui-horizontal-pagination-scroller .hps-pagination-buttons__next{right:0}.popup-ui-horizontal-pagination-scroller .hps-pagination-buttons__next:hover .hps-pagination-buttons__next-arrow{border-top:2px solid #346aff;border-right:2px solid #346aff}.popup-ui-horizontal-pagination-scroller .hps-pagination-buttons__next .hps-pagination-buttons__next-arrow{width:10px;height:10px;-webkit-transform:rotate(45deg);-moz-transform:rotate(45deg);-ms-transform:rotate(45deg);-o-transform:rotate(45deg);transform:rotate(45deg);position:absolute;left:3px;top:12px;border-top:2px solid #aaa;border-right:2px solid #aaa}.popup-ui-horizontal-pagination-scroller .hps-component-separator{padding-left:25px;border-right:1px solid #ddd}.popup-ui-horizontal-pagination-scroller .hps-component-separator+.hps-component-mountpoint{padding-left:25px}
  </style>
  <style type="text/css">
   .select-recommend-item{border:1px solid #0073e9}.select-recommend-item-title{color:#0073e9}.popup-ui-recommendation-list{position:relative}.popup-ui-recommendation-list .rl-list{position:relative;margin:0 auto;overflow:hidden}.popup-ui-recommendation-list .rl-list ul{width:9999px;overflow:hidden}.popup-ui-recommendation-list .rl-item{float:left;width:76px;position:relative;margin-right:8px;overflow:hidden}.popup-ui-recommendation-list .rl-item.rl-last-item{margin-right:0}.popup-ui-recommendation-list .rl-item a{display:inline-block;width:76px;height:auto;cursor:pointer}.popup-ui-recommendation-list .rl-item a:hover .rl-item__title{text-decoration:none;color:#346aff}.popup-ui-recommendation-list .rl-item__biz-dadge-wrap{margin-bottom:4px}.popup-ui-recommendation-list .rl-item__biz-dadge-wrap img{height:20px}.popup-ui-recommendation-list .rl-item__image-wrap{width:76px;height:76px;overflow:hidden}.popup-ui-recommendation-list .rl-item__image{width:76px;height:76px;--webkit-transition:$property $duration $effect;-moz-transition:transform .2s ease;-ms-transition:transform .2s ease;-o-transition:transform .2s ease;transition:transform .2s ease}.popup-ui-recommendation-list .rl-item__image:hover{-webkit-transform:scale(1.1);-moz-transform:scale(1.1);-ms-transform:scale(1.1);-o-transform:scale(1.1);transform:scale(1.1)}
  </style>
  <style type="text/css">
   .popup-recommendation{padding:16px 20px 20px}.popup-recommendation .recommendation-header__title{font-size:12px;padding-bottom:20px}.popup-recommendation .recommendation-header__seemore-link{font-size:12px;display:inline-block;color:#346aff;padding-left:8px;cursor:pointer}.popup-recommendation .recommendation-header__seemore-link__arrow{background:url("//img1a.coupangcdn.com/image/dragonstone/sdp/PCSDP_imageasset_190404-min.png") no-repeat -426px -327px;width:6px;height:12px;display:inline-block;vertical-align:-2px}
  </style>
  <style type="text/css">
   #midCarousel2,#midCarousel3{position:relative;padding-top:40px}.cmg-dco-carousel>div:hover{cursor:pointer}
  </style>
  <style type="text/css">
   .cmg-dco-carousel {
    overflow-y: hidden;
    -ms-overflow-style: none;
    /* IE and Edge */
    scrollbar-width: none;
    /* Firefox */
}

.cmg-dco-carousel-product {
    cursor: pointer;
}

.cmg-dco-carousel-product .main-image {
    scale: 1;
    transition: all .2s ease;
    --o-transition: all .2s ease;
    --ms-transition: all .2s ease;
    --moz-transition: all .2s ease;
    --webkit-transition: all .2s ease;
}

.cmg-dco-carousel-product .main-image:hover {
    scale: 1.1;
}

.cmg-dco-carousel-product:hover .product-title {
    color: #346aff !important;
}

.cmg-dco-carousel::-webkit-scrollbar {
    display: none;
}

.cmg-dco-template,
.cmg-dco-template * {
    box-sizing: border-box;
}

.add-to-cart__icon {
    font-style: normal;
    position: absolute;
    display: block;
    width: 32px;
    height: 32px;
    right: 8px;
    bottom: 8px;
    background: #ffffff;
    box-shadow: 0px 2px 2px rgba(0, 0, 0, 0.12), 0px 3px 1px -2px rgba(0, 0, 0, 0.1), 0px 1px 4px rgba(0, 0, 0, 0.16);
    border-radius: 16px;
    background-image: url(data:image/svg+xml;base64,PHN2ZyB3aWR0aD0iMTYiIGhlaWdodD0iMTciIHZpZXdCb3g9IjAgMCAxNiAxNyIgZmlsbD0ibm9uZSIgeG1sbnM9Imh0dHA6Ly93d3cudzMub3JnLzIwMDAvc3ZnIj4KPHBhdGggZmlsbC1ydWxlPSJldmVub2RkIiBjbGlwLXJ1bGU9ImV2ZW5vZGQiIGQ9Ik0zLjU2NTkxIDEuNTE2M0MzLjM0MzI5IDAuNjI1OTk2IDIuNTQzMzUgMC4wMDE0NjQ4NCAxLjYyNTYzIDAuMDAxNDY0ODRIMC42NjY2NjdMMC41ODg5MTkgMC4wMDU5NUMwLjI1NzM2IDAuMDQ0NDYwMSAwIDAuMzI2MjQxIDAgMC42NjgxMzJDMCAxLjAzNjMyIDAuMjk4NDc3IDEuMzM0OCAwLjY2NjY2NyAxLjMzNDhIMS42MjU2M0wxLjcwMTIxIDEuMzM5MDdDMS45NzQ2NyAxLjM3MDExIDIuMjA0MzkgMS41Njc3MSAyLjI3MjQxIDEuODM5NzZMMi4yNzI0MyAxLjgzOTg0TDQuMTAwNzggOS4xNTMxOUw0LjEzMzA0IDkuMjY3NzhDNC4zOTMxMSAxMC4wOTY2IDUuMTYzMjEgMTAuNjY4MSA2LjA0MTA0IDEwLjY2ODFIMTIuOTA2OUwxMy4wMjU0IDEwLjY2NDdDMTMuOTI3NiAxMC42MTE2IDE0LjY4ODkgOS45NTYyMyAxNC44NjgxIDkuMDYwMzNMMTUuOTg3MSAzLjQ2NTU0TDE1Ljk5NzkgMy4zODg0M0MxNi4wMjUyIDMuMDU1NzUgMTUuNzk5MyAyLjc0ODEzIDE1LjQ2NDEgMi42ODEwOEMxNS4xMDMgMi42MDg4NyAxNC43NTE4IDIuODQzMDEgMTQuNjc5NiAzLjIwNDA1TDEzLjU2MDcgOC43OTg4NUwxMy41NDA4IDguODc0ODZDMTMuNDUyNCA5LjE0NjMxIDEzLjE5ODIgOS4zMzQ4IDEyLjkwNjkgOS4zMzQ4SDYuMDQxMDRMNS45NjU0NyA5LjMzMDUzQzUuNjkyMDQgOS4yOTk0OCA1LjQ2MjMgOS4xMDE4NiA1LjM5NDMxIDguODI5ODNMMy41NjU5MyAxLjUxNjM3TDMuNTY1OTEgMS41MTYzWk01LjUwMDAxIDExLjY2ODFDNC4zMDMzOSAxMS42NjgxIDMuMzMzMzUgMTIuNjM4MiAzLjMzMzM1IDEzLjgzNDhDMy4zMzMzNSAxNS4wMzE0IDQuMzAzMzkgMTYuMDAxNSA1LjUwMDAxIDE2LjAwMTVDNi42OTY2NCAxNi4wMDE1IDcuNjY2NjggMTUuMDMxNCA3LjY2NjY4IDEzLjgzNDhDNy42NjY2OCAxMi42MzgyIDYuNjk2NjQgMTEuNjY4MSA1LjUwMDAxIDExLjY2ODFaTTUuNTAwMDEgMTMuMDAxNUM1Ljk2MDI2IDEzLjAwMTUgNi4zMzMzNSAxMy4zNzQ1IDYuMzMzMzUgMTMuODM0OEM2LjMzMzM1IDE0LjI5NSA1Ljk2MDI2IDE0LjY2ODEgNS41MDAwMSAxNC42NjgxQzUuMDM5NzcgMTQuNjY4MSA0LjY2NjY4IDE0LjI5NSA0LjY2NjY4IDEzLjgzNDhDNC42NjY2OCAxMy4zNzQ1IDUuMDM5NzcgMTMuMDAxNSA1LjUwMDAxIDEzLjAwMTVaTTEzLjE2NjcgMTEuNjY4MUMxMS45NzAxIDExLjY2ODEgMTEgMTIuNjM4MiAxMSAxMy44MzQ4QzExIDE1LjAzMTQgMTEuOTcwMSAxNi4wMDE1IDEzLjE2NjcgMTYuMDAxNUMxNC4zNjMzIDE2LjAwMTUgMTUuMzMzMyAxNS4wMzE0IDE1LjMzMzMgMTMuODM0OEMxNS4zMzMzIDEyLjYzODIgMTQuMzYzMyAxMS42NjgxIDEzLjE2NjcgMTEuNjY4MVpNMTMuMTY2NyAxMy4wMDE1QzEzLjYyNjkgMTMuMDAxNSAxNCAxMy4zNzQ1IDE0IDEzLjgzNDhDMTQgMTQuMjk1IDEzLjYyNjkgMTQuNjY4MSAxMy4xNjY3IDE0LjY2ODFDMTIuNzA2NCAxNC42NjgxIDEyLjMzMzMgMTQuMjk1IDEyLjMzMzMgMTMuODM0OEMxMi4zMzMzIDEzLjM3NDUgMTIuNzA2NCAxMy4wMDE1IDEzLjE2NjcgMTMuMDAxNVpNOS4zNTAwMiAxLjMzNDc5QzkuNjkxOTEgMS4zMzQ3OSA5Ljk3MzY5IDEuNTkyMTUgMTAuMDEyMiAxLjkyMzcxTDEwLjAxNjcgMi4wMDE0NVY0LjAxODEySDEyQzEyLjM2ODIgNC4wMTgxMiAxMi42NjY3IDQuMzE2NiAxMi42NjY3IDQuNjg0NzlDMTIuNjY2NyA1LjAyNjY4IDEyLjQwOTMgNS4zMDg0NiAxMi4wNzc4IDUuMzQ2OTdMMTIgNS4zNTE0NkgxMC4wMTY3VjcuMzM0NzlDMTAuMDE2NyA3LjcwMjk4IDkuNzE4MiA4LjAwMTQ2IDkuMzUwMDIgOC4wMDE0NkM5LjAwODEyIDguMDAxNDYgOC43MjYzNCA3Ljc0NDA5IDguNjg3ODMgNy40MTI1NEw4LjY4MzM1IDcuMzM0NzlWNS4zNTE0Nkg2LjY2NjY4QzYuMjk4NDkgNS4zNTE0NiA2LjAwMDAyIDUuMDUyOTggNi4wMDAwMiA0LjY4NDc5QzYuMDAwMDIgNC4zNDI5IDYuMjU3MzggNC4wNjExMiA2LjU4ODkzIDQuMDIyNjFMNi42NjY2OCA0LjAxODEySDguNjgzMzVWMi4wMDE0NUM4LjY4MzM1IDEuNjMzMjcgOC45ODE4MyAxLjMzNDc5IDkuMzUwMDIgMS4zMzQ3OVoiIGZpbGw9IiMzNDZBRkYiLz4KPC9zdmc+);
    background-position: 7px 8px;
    background-size: 17px;
    background-repeat: no-repeat;
}

.add-to-cart__icon.disabled {
    background-image: url(data:image/svg+xml;base64,PHN2ZyB3aWR0aD0iMTYiIGhlaWdodD0iMTciIHZpZXdCb3g9IjAgMCAxNiAxNyIgZmlsbD0ibm9uZSIgeG1sbnM9Imh0dHA6Ly93d3cudzMub3JnLzIwMDAvc3ZnIj4KPHBhdGggZmlsbC1ydWxlPSJldmVub2RkIiBjbGlwLXJ1bGU9ImV2ZW5vZGQiIGQ9Ik0zLjU2NTkxIDEuNTE2M0MzLjM0MzI5IDAuNjI1OTk2IDIuNTQzMzUgMC4wMDE0NjQ4NCAxLjYyNTYzIDAuMDAxNDY0ODRIMC42NjY2NjdMMC41ODg5MTkgMC4wMDU5NUMwLjI1NzM2IDAuMDQ0NDYwMSAwIDAuMzI2MjQxIDAgMC42NjgxMzJDMCAxLjAzNjMyIDAuMjk4NDc3IDEuMzM0OCAwLjY2NjY2NyAxLjMzNDhIMS42MjU2M0wxLjcwMTIxIDEuMzM5MDdDMS45NzQ2NyAxLjM3MDExIDIuMjA0MzkgMS41Njc3MSAyLjI3MjQxIDEuODM5NzZMMi4yNzI0MyAxLjgzOTg0TDQuMTAwNzggOS4xNTMxOUw0LjEzMzA0IDkuMjY3NzhDNC4zOTMxMSAxMC4wOTY2IDUuMTYzMjEgMTAuNjY4MSA2LjA0MTA0IDEwLjY2ODFIMTIuOTA2OUwxMy4wMjU0IDEwLjY2NDdDMTMuOTI3NiAxMC42MTE2IDE0LjY4ODkgOS45NTYyMyAxNC44NjgxIDkuMDYwMzNMMTUuOTg3MSAzLjQ2NTU0TDE1Ljk5NzkgMy4zODg0M0MxNi4wMjUyIDMuMDU1NzUgMTUuNzk5MyAyLjc0ODEzIDE1LjQ2NDEgMi42ODEwOEMxNS4xMDMgMi42MDg4NyAxNC43NTE4IDIuODQzMDEgMTQuNjc5NiAzLjIwNDA1TDEzLjU2MDcgOC43OTg4NUwxMy41NDA4IDguODc0ODZDMTMuNDUyNCA5LjE0NjMxIDEzLjE5ODIgOS4zMzQ4IDEyLjkwNjkgOS4zMzQ4SDYuMDQxMDRMNS45NjU0NyA5LjMzMDUzQzUuNjkyMDQgOS4yOTk0OCA1LjQ2MjMgOS4xMDE4NiA1LjM5NDMxIDguODI5ODNMMy41NjU5MyAxLjUxNjM3TDMuNTY1OTEgMS41MTYzWk01LjUwMDAxIDExLjY2ODFDNC4zMDMzOSAxMS42NjgxIDMuMzMzMzUgMTIuNjM4MiAzLjMzMzM1IDEzLjgzNDhDMy4zMzMzNSAxNS4wMzE0IDQuMzAzMzkgMTYuMDAxNSA1LjUwMDAxIDE2LjAwMTVDNi42OTY2NCAxNi4wMDE1IDcuNjY2NjggMTUuMDMxNCA3LjY2NjY4IDEzLjgzNDhDNy42NjY2OCAxMi42MzgyIDYuNjk2NjQgMTEuNjY4MSA1LjUwMDAxIDExLjY2ODFaTTUuNTAwMDEgMTMuMDAxNUM1Ljk2MDI2IDEzLjAwMTUgNi4zMzMzNSAxMy4zNzQ1IDYuMzMzMzUgMTMuODM0OEM2LjMzMzM1IDE0LjI5NSA1Ljk2MDI2IDE0LjY2ODEgNS41MDAwMSAxNC42NjgxQzUuMDM5NzcgMTQuNjY4MSA0LjY2NjY4IDE0LjI5NSA0LjY2NjY4IDEzLjgzNDhDNC42NjY2OCAxMy4zNzQ1IDUuMDM5NzcgMTMuMDAxNSA1LjUwMDAxIDEzLjAwMTVaTTEzLjE2NjcgMTEuNjY4MUMxMS45NzAxIDExLjY2ODEgMTEgMTIuNjM4MiAxMSAxMy44MzQ4QzExIDE1LjAzMTQgMTEuOTcwMSAxNi4wMDE1IDEzLjE2NjcgMTYuMDAxNUMxNC4zNjMzIDE2LjAwMTUgMTUuMzMzMyAxNS4wMzE0IDE1LjMzMzMgMTMuODM0OEMxNS4zMzMzIDEyLjYzODIgMTQuMzYzMyAxMS42NjgxIDEzLjE2NjcgMTEuNjY4MVpNMTMuMTY2NyAxMy4wMDE1QzEzLjYyNjkgMTMuMDAxNSAxNCAxMy4zNzQ1IDE0IDEzLjgzNDhDMTQgMTQuMjk1IDEzLjYyNjkgMTQuNjY4MSAxMy4xNjY3IDE0LjY2ODFDMTIuNzA2NCAxNC42NjgxIDEyLjMzMzMgMTQuMjk1IDEyLjMzMzMgMTMuODM0OEMxMi4zMzMzIDEzLjM3NDUgMTIuNzA2NCAxMy4wMDE1IDEzLjE2NjcgMTMuMDAxNVpNOS4zNTAwMiAxLjMzNDc5QzkuNjkxOTEgMS4zMzQ3OSA5Ljk3MzY5IDEuNTkyMTUgMTAuMDEyMiAxLjkyMzcxTDEwLjAxNjcgMi4wMDE0NVY0LjAxODEySDEyQzEyLjM2ODIgNC4wMTgxMiAxMi42NjY3IDQuMzE2NiAxMi42NjY3IDQuNjg0NzlDMTIuNjY2NyA1LjAyNjY4IDEyLjQwOTMgNS4zMDg0NiAxMi4wNzc4IDUuMzQ2OTdMMTIgNS4zNTE0NkgxMC4wMTY3VjcuMzM0NzlDMTAuMDE2NyA3LjcwMjk4IDkuNzE4MiA4LjAwMTQ2IDkuMzUwMDIgOC4wMDE0NkM5LjAwODEyIDguMDAxNDYgOC43MjYzNCA3Ljc0NDA5IDguNjg3ODMgNy40MTI1NEw4LjY4MzM1IDcuMzM0NzlWNS4zNTE0Nkg2LjY2NjY4QzYuMjk4NDkgNS4zNTE0NiA2LjAwMDAyIDUuMDUyOTggNi4wMDAwMiA0LjY4NDc5QzYuMDAwMDIgNC4zNDI5IDYuMjU3MzggNC4wNjExMiA2LjU4ODkzIDQuMDIyNjFMNi42NjY2OCA0LjAxODEySDguNjgzMzVWMi4wMDE0NUM4LjY4MzM1IDEuNjMzMjcgOC45ODE4MyAxLjMzNDc5IDkuMzUwMDIgMS4zMzQ3OVoiIGZpbGw9IiNBQUI1QzAiLz4KPC9zdmc+);
}

.add-to-cart__quantity {
    position: absolute;
    left: 17px;
    top: -8px;
    width: 20px;
    height: 20px;
    border-radius: 10px;
    background: #346aff;
    color: #ffffff;
    font-weight: 700;
    font-size: 11px;
    vertical-align: middle;
    text-align: center;
    display: flex;
    align-items: center;
    justify-content: center;
    opacity: 1;
    transition: opacity 0.25s linear;
}

.add-to-cart__quantity.hide {
    opacity: 0;
}

.add-to-cart__quantity.disabled {
    background: #aab5c0;
}

.dco-preview-sdp-button {
    position: relative;
    display: block;
    background: #fff;
    overflow: hidden;
    min-width: 32px;
    box-shadow: 0px 2px 2px rgba(0, 0, 0, 0.12), 0px 3px 1px -2px rgba(0, 0, 0, 0.1), 0px 1px 4px rgba(0, 0, 0, 0.16);
}

.preview-button-child-node {
    position: absolute;
    top: 50%;
    right: 7px;
    left: auto;
    bottom: auto;
    display: block;
    white-space: nowrap;
    min-width: 32px;
    z-index: 1;
}

.preview-button-child-node span {
    float: left;
}

.preview-sdp-icon {
    width: 18px;
    height: 14px;
    float: right;
}

.preview-button-last-item {
    margin-right: 4px;
}

.hidden-preview-button-text span {
    opacity: 0;
}
  </style>
  <style type="text/css">
   #sdp-post-page{position:fixed;bottom:0;width:100%;height:100%;z-index:999;margin:0 auto}#sdp-post-page .sdp-post-page__inner{position:absolute;width:100%;z-index:1001;background:#fff;bottom:0}#sdp-post-page .sdp-post-page-recommendation{padding-bottom:36px;width:980px;margin:0 auto}#sdp-post-page .sdp-post-page__close{position:absolute;right:22px;top:22px;display:block;width:15px;height:15px;cursor:pointer;background:url("//img1a.coupangcdn.com/image/dragonstone/sdp/PCSDP_imageasset_180417-min.png") no-repeat -422px -205px}#sdp-post-page .sdp-post-page-shadow{position:absolute;top:0;right:0;left:0;bottom:0;z-index:1000;background:#000;opacity:.5;filter:alpha(opacity=50);-ms-filter:"progid:DXImageTransform.Microsoft.Alpha(Opacity=60)";-moz-opacity:.5;-khtml-opacity:.5}#sdp-post-page .recommendation{border:none!important;padding-top:36px}#sdp-post-page .recommendation-header__title{font-size:18px}
  </style>
  <style type="text/css">
   .quantity-modal-wrapper{background:rgba(0,0,0,.6);position:fixed;left:0;top:0;right:0;bottom:0;z-index:1001}.quantity-modal{width:312px;height:auto;border-radius:4px;background:#fff;position:absolute;left:50%;top:50%;transform:translate(-50%,-50%);padding:16px 20px 20px;box-sizing:border-box}.quantity-modal-title{display:flex;justify-content:space-between;color:#212b36}.quantity-modal-title>span{max-width:236px;font-size:18px;font-weight:700;line-height:23px;text-align:left}.quantity-modal-title-close{background:url("//static.coupangcdn.com/image/coupang/loyalty/icons/icon_close_outline@2x.png") no-repeat;background-size:20px 20px;width:20px;height:20px;cursor:pointer;transform:translateX(4px)}.quantity-modal-content{margin-top:16px;font-size:14px;line-height:19px;font-weight:400;color:#454f5b;word-break:keep-all}.quantity-modal-content>p:nth-child(2){margin-top:20px;text-indent:-1em;padding-left:1em}.quantity-modal-confirm{margin-top:20px;width:272px;height:44px;text-align:center;border-radius:4px;font-size:16px;line-height:44px;background:#346aff;color:#fff;cursor:pointer}
  </style>
  <style type="text/css">
   .prod-sticky-banner{position:relative;display:block;float:right;width:400px;height:82px;margin:20px 25px 0 14px;display:none}.prod-sticky-banner.show{display:block}.product-sticky-banner-clickable__show-area__long-image__item{position:absolute;top:0;left:0;overflow:hidden;display:none;height:100%;width:400px}.product-sticky-banner-clickable__show-area__long-image{height:100%;width:100%;position:absolute;top:0;left:0}.product-sticky-banner-clickable__left-button{position:absolute;top:0;left:-14px;width:15px;height:100%}.product-sticky-banner-clickable__right-button{position:absolute;top:0;left:403px;width:15px;height:100%}.product-sticky-banner-clickable__left-button:after{position:absolute;top:50%;left:0;width:8px;height:14px;margin-top:-7px;background:url("//img1a.coupangcdn.com/image/dragonstone/sdp/PCSDP_imageasset_171215-min.png");background-position:-354px -231px;content:""}.product-sticky-banner-clickable__show-area{position:absolute;width:400px;height:82px;top:0;left:-1px;overflow:hidden}.product-sticky-banner-clickable__right-button:after{position:absolute;width:8px;height:14px;top:50%;left:0;margin-top:-7px;background:url("//img1a.coupangcdn.com/image/dragonstone/sdp/PCSDP_imageasset_171215-min.png");background-position:-366px -231px;content:""}.product-sticky-banner-clickable__left-button:hover,.product-sticky-banner-clickable__right-button:hover{cursor:pointer}.sticky-banner-active{display:block}.product-sticky-banner-popup{position:fixed;top:37px;left:50%;margin-left:-490px;width:977px;border:1px solid #000;z-index:1000}.product-sticky-banner-popup__header{height:42px;margin:0;padding:16px 62px 0 20px;background:#ececec}.product-sticky-banner-popup__header__title{font-size:18px;font-weight:400;font-style:normal;letter-spacing:-.9px;color:#333;display:inline-block;padding-top:5px;float:left}.product-sticky-banner-popup__content{overflow:auto;height:570px;background-color:#fff}.product-sticky-banner-popup__close{position:absolute;top:4px;text-decoration:none;color:#000;display:block;width:30px;height:30px;right:15px;top:16px;background-image:url("//img1a.coupangcdn.com/image/coupang/detail/bg_detail_sprite_161020.png");background-repeat:no-repeat;background-position:-588px -376px;text-indent:-9999em}
  </style>
  <style type="text/css">
   .prod-banner-link{position:relative;display:table;table-layout:fixed;color:inherit;width:100%;margin-top:6px}a.prod-banner-link{outline:none}.prod-banner-container{position:relative;border:1px solid #eee}.prod-banner-left,.prod-banner-right{display:table-cell;vertical-align:middle;font-size:14px}.prod-banner-right{width:380px;padding:12px 0}.prod-banner-left{width:64px}.prod-banner-img-container{height:62px;display:block}.prod-banner-img{width:44px;height:44px;padding:10px}.prod-banner-right-arrow{position:absolute;right:13px;top:50%;background:url("//img1a.coupangcdn.com/image/dragonstone/sdp/PCSDP_imageasset_171215-min.png") no-repeat -366px -231px;display:inline-block;width:8px;height:14px;margin-top:-7px}.prod-banner-description,.prod-banner-title,.prod-banner-txt{height:20px}.prod-banner-title{width:380px;overflow:hidden;white-space:nowrap;text-overflow:ellipsis}.prod-banner-txt{margin-right:3px;color:#ae0000;font-weight:700}.prod-banner-description{font-weight:700}
  </style>
  <style type="text/css">
   .incorrect-info-component{display:none;border:1px solid #333;position:fixed;top:50%;left:50%;margin:-252px 0 0 -201px;background-color:#fff;color:#111;z-index:1001}.incorrect-info-header{background-color:#f5f5f5;padding-top:3px}.incorrect-info-header__title{font-size:16px;font-weight:700;text-align:left;padding-left:20px;line-height:3.12}.incorrect-info-header__close-btn{font-size:2em;position:absolute;cursor:pointer;top:5px;right:15px;color:#444}.incorrect-info-content,.incorrect-info-thanks-content{padding:20px}.incorrect-info-comments{margin:15px 0 20px}.incorrect-info-comments__title,.incorrect-info-dropdown__title{font-size:13px;text-align:left}.incorrect-info-comments__textarea{width:334px;height:180px;padding:10px 12px;margin-top:4px;font-size:13px;border:1px solid #ccc;resize:none}.incorrect-info-comments__textarea:focus{outline:none!important;border:1px solid #346aff}.incorrect-info-option{margin-top:4px;font-size:13px;padding-top:2px;position:relative}.incorrect-info-default-option{display:block;font-weight:700;padding:12px;color:#111;border:1px solid #ccc}.incorrect-info-default-option:after{content:"";border-top:6px solid #000;border-left:6px solid transparent;border-right:6px solid transparent;display:inline-block;position:absolute;top:20px;right:10px}.incorrect-info-dropdown__default-item em{color:#888}.incorrect-info-dropdown-list{position:absolute;top:0;left:0;width:358px;border:1px solid #346aff;background:#fff;font-size:13px}.incorrect-info-dropdown-list:after{content:"";border-bottom:6px solid #346aff;border-left:6px solid transparent;border-right:6px solid transparent;display:inline-block;position:absolute;top:18px;right:10px}.incorrect-info-dropdown__content-item{font-weight:700;border-top:1px solid #eee;line-height:2.95;padding-left:12px;cursor:pointer;padding-top:2px}.incorrect-info-dropdown__content-item em{color:#888;font-weight:400}.incorrect-info-dropdown__content-item.selected,.incorrect-info-dropdown__content-item:hover{color:#346aff;background-color:#ebf0ff;border-top:1px solid #dbe0ef}.incorrect-info-dropdown__content-item.selected em,.incorrect-info-dropdown__content-item:first-child,.incorrect-info-dropdown__content-item:hover em{color:#346aff}.incorrect-info-confirm-btn{background:#fff}.incorrect-info-confirm-btn:hover{cursor:pointer}.incorrect-info-confirm-btn,.incorrect-info-done-btn{width:128px;border:1px solid #346aff;font-size:13px;font-weight:700;color:#346aff;text-align:center;margin:0 115px;padding-top:1px;line-height:2.35}.incorrect-info-confirm-btn:hover,.incorrect-info-done-btn:hover{color:#203f99;border-color:#203f99;cursor:pointer}.incorrect-info-thanks-content__title{padding:88.5px 0 16px;text-align:center;font-size:32px}.incorrect-info-thanks-content__info{text-align:center;margin-bottom:88.5px;line-height:1.44}.incorrect-info-thanks-content__info em{color:#346aff;font-weight:700}.incorrect-info-dropdown-error{border:1px solid #e7223d;box-shadow:0 0 5px #e7223d}.incorrect-info-comments__textarea::-webkit-scrollbar{width:16px;background:#f0f0f0}.incorrect-info-comments__textarea::-webkit-scrollbar-thumb{height:23px;background-color:#ddd;border-radius:0}@media screen and (min-width:0\0){.incorrect-info-comments__textarea{letter-spacing:-.3px}}@media (-ms-high-contrast:none),screen and (-ms-high-contrast:active){.incorrect-info-comments__textarea{letter-spacing:-.3px}}.incorrect-info-clarification{margin-top:20px;width:360px;margin-bottom:20px;font-size:12px;color:#666}.incorrect-info-clarification-head{line-height:1.5}.incorrect-info-clarification ul{margin-left:10px}.incorrect-info-clarification-info{margin-left:16px;list-style:disc outside;display:list-item;line-height:1.5}.incorrect-info-clarification__link,.incorrect-info-clarification__link:active,.incorrect-info-clarification__link:hover,.incorrect-info-clarification__link:visited{color:#346aff}
  </style>
  <style type="text/css">
   .author-container{line-height:18px}.author-item,.author-postfix{margin-right:-3px}.author-name{font-size:12px;color:#111;position:relative;margin-right:4px}.author-name:after{display:block;content:",";position:absolute;color:#888;right:-3px;bottom:-2px}.author-name:hover{text-decoration:underline}.clear-fix{margin-right:-4px}.last-author-name{margin-right:0}.last-author-name:after{display:none}.author-postfix{display:inline-block;width:14px;color:#888;text-align:right}.author-item:after{content:"";height:10px;display:inline-block;border-right:1px solid #ddd;margin:0 8px}.author-container>span:last-child:after{display:none}
  </style>
  <style type="text/css">
   .alert-popup-shadow{position:fixed;top:0;bottom:0;left:0;right:0;z-index:1001;background:rgba(0,0,0,.65)}.alert-popup-shadow *{box-sizing:border-box}.alert-popup-box{position:fixed;width:312px;min-height:160px;background:#fff;padding:24px 24px 70px;top:50%;left:50%;margin-left:-156px;margin-top:-80px;z-index:1000;border-radius:2px;box-shadow:0 2px 4px 0 rgba(0,0,0,.3),0 0 4px 0 rgba(0,0,0,.1)}.alert-popup-box .alert-popup-btns{position:absolute;padding:16px 26px;left:0;bottom:0;width:100%;text-align:right}.alert-popup-box .alert-popup-btns button{background:transparent;color:#346aff;font-size:16px}.alert-popup-box .alert-popup-title{font-size:20px;font-weight:700;margin-bottom:8px}.alert-popup-box .alert-popup-msg{font-size:16px}.alert-popup-box{padding:0}.alert-popup-box .alert-popup-title{padding:16px 20px;color:#333;font-size:17px;background-color:#eee}.alert-popup-box .alert-popup-msg{text-align:center;font-size:14px;margin-top:45px;margin-bottom:25px;line-height:1.57}.alert-popup-box .alert-popup-btns{text-align:center;position:relative}.alert-popup-box .alert-popup-btns button{padding-top:10px;padding-bottom:10px;width:124px;border-radius:2px}.alert-popup-box .alert-popup-btns .cancel-btn{color:#111;border:1px solid #aaa}.alert-popup-box .alert-popup-btns .ok-btn{color:#fff;background:#346aff;border:1px solid #346aff}
  </style>
  <style type="text/css">
   .registration-success{-webkit-user-select:none;-moz-user-select:none;-ms-user-select:none;user-select:none;position:fixed;z-index:10;top:50%;left:50%;margin-top:-90px;margin-left:-90px;width:176px;height:176px;border-radius:8px;text-align:center;background-color:hsla(0,0%,7%,.9)}.registration-success .toast-content{width:auto!important;height:auto!important;font-size:16px;line-height:1.5;text-align:center;color:#fff}.registration-success .ico-success{display:inline-block;margin:32px auto 16px}.registration-success .toast-txt{font-weight:400;text-align:center}
  </style>
  <style type="text/css">
   .coupick-wrapper{display:block;text-decoration:none;padding:0 20px 20px;border:1px solid #eee;font-size:14px}.coupick-wrapper .coupick-badge{margin:0 0 10px -20px}.coupick-wrapper .coupick-badge img{height:20px;object-fit:contain}.coupick-wrapper .coupick-item{display:table}.coupick-wrapper .coupick-item:after{display:block;clear:both;content:""}.coupick-wrapper .coupick-item__image{display:table-cell;padding-right:12px}.coupick-wrapper .coupick-item__image img{width:100px;height:100px}.coupick-wrapper .coupick-item__detail{display:table-cell;vertical-align:top}.coupick-wrapper .coupick-item__title{color:#111;margin-bottom:6px;display:block;display:-webkit-box;-webkit-line-clamp:2;-webkit-box-orient:vertical;text-overflow:ellipsis;overflow:hidden}.coupick-wrapper .coupick-item__price-area{margin-bottom:10px}.coupick-wrapper .coupick-item__price{color:#ae0000;font-weight:700}.coupick-wrapper .coupick-item__price em{font-family:Tahoma;font-weight:700;font-size:16px}.coupick-wrapper .coupick-item__badge{height:14px;vertical-align:sub}.coupick-wrapper .coupang-item_review-count{color:#888;font-size:12px;vertical-align:super}
  </style>
  <style type="text/css">
   .message-box{border:1px solid #eee;min-width:360px;background:#fff}.message-box .message-box__header{width:100%;height:49px;box-sizing:border-box;padding:14px 16px 13px;font-size:18px;font-weight:700;border-bottom:1px solid #eee;color:#111}.message-box .message-box__title{float:left}.message-box .message-box__content{padding:24px;font-size:14px;line-height:22px}.message-box .btn--popup-close{width:16px;height:16px;background-image:url("data:image/svg+xml;base64,PD94bWwgdmVyc2lvbj0iMS4wIiBlbmNvZGluZz0iVVRGLTgiPz4KPCFET0NUWVBFIHN2ZyBQVUJMSUMgIi0vL1czQy8vRFREIFNWRyAxLjEvL0VOIiAiaHR0cDovL3d3dy53My5vcmcvR3JhcGhpY3MvU1ZHLzEuMS9EVEQvc3ZnMTEuZHRkIj4KPHN2ZyB4bWxucz0iaHR0cDovL3d3dy53My5vcmcvMjAwMC9zdmciIHZpZXdCb3g9IjAgMCAyNCAyNCI+CiAgICA8ZyBmaWxsPSJub25lIiBmaWxsLXJ1bGU9ImV2ZW5vZGQiPgogICAgICAgIDxwYXRoIGZpbGw9Im5vbmUiIGQ9Ik0wIDI0aDI0VjBIMHoiLz4KICAgICAgICA8cGF0aCBmaWxsPSIjMzMzIiBkPSJNMTMuNDE0IDEybDcuMjkzIDcuMjkzLjcwNy43MDdMMjAgMjEuNDE0bC0uNzA3LS43MDdMMTIgMTMuNDE0bC03LjI5MyA3LjI5My0uNzA3LjcwN0wyLjU4NiAyMGwuNzA3LS43MDdMMTAuNTg2IDEyIDMuMjkzIDQuNzA3IDIuNTg2IDQgNCAyLjU4NmwuNzA3LjcwN0wxMiAxMC41ODZsNy4yOTMtNy4yOTMuNzA3LS43MDdMMjEuNDE0IDRsLS43MDcuNzA3TDEzLjQxNCAxMnoiLz4KICAgIDwvZz4KPC9zdmc+Cg==");margin-top:2px;float:right}.message-box .btn--popup-close:hover{cursor:pointer}.message-box .message-box__footer{padding:0 24px 24px}.message-box .message-box__see-more__text{display:inline-block;vertical-align:text-top;margin-right:1px;padding-top:1px;font-size:12px;color:#346aff}.message-box .message-box-single{display:inline-block}.message-box .message-box__footer{text-align:right}.message-box .blue-right-arrow{display:inline-block;vertical-align:middle;width:14px;height:14px;background-image:url("data:image/svg+xml;base64,PHN2ZyB4bWxucz0iaHR0cDovL3d3dy53My5vcmcvMjAwMC9zdmciIHdpZHRoPSIxNCIgaGVpZ2h0PSIxNCIgdmlld0JveD0iMCAwIDE0IDE0Ij4KICAgIDxnIGZpbGw9Im5vbmUiIGZpbGwtcnVsZT0iZXZlbm9kZCIgdHJhbnNmb3JtPSJ0cmFuc2xhdGUoLTUyMjMgLTE2MjQpIj4KICAgICAgICA8cGF0aCBmaWxsPSIjMzMzIiBkPSJNMCAwSDY3MjNWMTA1NjFIMHoiLz4KICAgICAgICA8cmVjdCB3aWR0aD0iMTc1MyIgaGVpZ2h0PSI3MDk0IiB4PSI0ODIwIiB5PSI2MDgiIGZpbGw9IiMyMjIiIHJ4PSIxMiIvPgogICAgICAgIDxyZWN0IHdpZHRoPSIxNzg5IiBoZWlnaHQ9IjQ2MTciIHg9IjQ3ODQiIHk9IjYwOCIgcng9IjEyIi8+CiAgICAgICAgPGc+CiAgICAgICAgICAgIDxwYXRoIGZpbGw9IiNGRkYiIHN0cm9rZT0iI0NDQyIgZD0iTTM1OS41LjVILjV2MjczaDM1OVYuNXoiIHRyYW5zZm9ybT0idHJhbnNsYXRlKDQ5MDEgMTM4OSkiLz4KICAgICAgICAgICAgPHBhdGggZmlsbD0iIzM0NkFGRiIgZD0iTTQuMDgzIDdMOS45NjMgMS4xNjcgMTEuMDgzIDIuMjc4IDYuMzIzIDcgMTEuMDgzIDExLjcyMiA5Ljk2MyAxMi44MzN6IiB0cmFuc2Zvcm09InRyYW5zbGF0ZSg0OTAxIDEzODkpIG1hdHJpeCgtMSAwIDAgMSAzMzcuMTY3IDIzNSkiLz4KICAgICAgICA8L2c+CiAgICA8L2c+Cjwvc3ZnPgo=")}
  </style>
  <style type="text/css">
   .insurance-container{position:relative}.insurance-container .message-box{position:absolute;top:50px;right:0}.insurance-popup__top{display:table-row}.insurance-popup__top__image{display:table-cell;padding-right:16px;vertical-align:middle}.insurance-popup__top__image img{width:56px;height:56px}.insurance-popup__top__titles{display:table-cell;vertical-align:middle}.insurance-popup__top__titles__title{font-size:14px;line-height:17px;color:#111}.insurance-popup__top__titles__sub-title{font-size:20px;line-height:21px;font-weight:700;margin-top:4px}.insurance-popup__bottom{margin-top:16px;color:#555}
  </style>
  <style type="text/css">
   .option-table__popup .cls_product-item-coupon-nudge{margin-top:3px;margin-bottom:0;display:flex;align-items:center;flex-wrap:wrap;gap:4px;color:#454f5b;font-size:12px}.option-table__popup .cls_product-item-coupon-nudge-icon{display:inline-block;position:relative;padding-right:5px;white-space:nowrap}.option-table__popup .cls_product-item-coupon-nudge-icon:after{content:"";width:5px;height:20px;position:absolute;right:0;top:0;background:url(data:image/png;base64,iVBORw0KGgoAAAANSUhEUgAAAAoAAAAoCAYAAADHVmuAAAAACXBIWXMAABYlAAAWJQFJUiTwAAAAAXNSR0IArs4c6QAAAARnQU1BAACxjwv8YQUAAADJSURBVHgB7dPNCcIwGAbg7007QAU9OIU/E3QDcYGqIxRRV1DEGYwTWCewbtK7hfau9jNFPIj9+U5e7AuBHJ7kDSRBvJgwlQUUWIDf2ugIlfCV1FIYKKqP88h4L4F5+lLoSCE18MfQrhVMYUY42RUgZca4s9NhdbXC7I3Kq01de6uDj3WFjvnyVUCFteSIIAg9ETRxr/OpK4EExcd45Y3yebz0SPJdQwIf6m/GHIMYbvPC/wMycaAEKrlbylflm1BixvlmY9hd6+gJmQk+VQMQCsUAAAAASUVORK5CYII=) 100% 100% no-repeat;background-size:contain}.option-table__popup .cls_product-item-coupon-nudge-icon i{display:inline-block;height:20px;line-height:20px;box-sizing:border-box;font-style:normal;font-weight:700;border-radius:2px 0 0 2px;border:1px solid #fcd2cb;border-right:none;background:#fce9e6;padding:0 4px;color:#cb1400}.option-table__popup .cls_product-item-coupon-nudge-desc{font-family:system-ui,apple sd gothic neo,"\B9D1\C740   \ACE0\B515",malgun gothic,\\B098\B214\ACE0\B515,nanumgothic,\\B3CB\C6C0,dotum,sans-serif}.option-table__popup .cls_product-item-coupon-nudge-no-amount{margin-top:3px;margin-bottom:0;color:#454f5b;font-size:0}.option-table__popup .cls_product-item-coupon-nudge-no-amount-icon{width:16px;height:16px;display:inline-block;vertical-align:middle;background:url(data:image/png;base64,iVBORw0KGgoAAAANSUhEUgAAACAAAAAgCAYAAABzenr0AAAACXBIWXMAABYlAAAWJQFJUiTwAAAAAXNSR0IArs4c6QAAAARnQU1BAACxjwv8YQUAAAEhSURBVHgB7ZZNTsJAFMf/b4oxruxWGyNujR/cQDYu5BJyhN5APYFHQA4hurMHMBq/1qJRWBDSsAb6mIE2gUAC6WLegvkt+qYvk5lfk768BzgcwlC2iGu3ZY+8S+SE4w76rV/0v16WbyaKdu7f62ZZSC8veqSe9DHIC6ffstIJzNX/ytFB0Pi8VuZdP0JYRoH2J3GCDyEUhFlfAWZ6M7EAy+hauRskXN97/IisCzD4ZleX3nTOngCjGTzMXm6w+A9wc1HWngBTD6ICCmff5ZI/n7aHv7k1vIKggKnBsF05rv2dH5ZkBDDullW14b22Lk5CEYEMIj4VFchwAmOBRDcI2CahyITpobRoRjMi2kYOOO6mQ+nz0r0J6CdozPcFh0OEEcoGT4BWMnk5AAAAAElFTkSuQmCC) 100% 100% no-repeat;background-size:contain;margin-right:4px}.option-table__popup .cls_product-item-coupon-nudge-no-amount-desc{font-size:12px;font-family:system-ui,apple sd gothic neo,"\B9D1\C740   \ACE0\B515",malgun gothic,\\B098\B214\ACE0\B515,nanumgothic,\\B3CB\C6C0,dotum,sans-serif;vertical-align:middle}
  </style>
  <style type="text/css">
   .option-table__popup__header_info_wrapper{position:relative;flex:1;display:flex;align-items:center;box-sizing:border-box;background-color:#fff}.option-table__popup__header_info_wrapper.draw-option-table__popup__disclaimer{margin-top:-3px}.option-table__popup__header_info_wrapper.draw-option-table__popup__disclaimer .option-table__popup__header_info_icon{width:16px;height:16px;margin-top:0}.option-table__popup__header_info_wrapper.ml-6{margin-left:6px}.option-table__popup__header_info_wrapper.border-eee{border-top:1px solid #eee}.option-table__popup__header_info_wrapper.ptb-16{padding:16px 0}.option-table__popup__header_info_wrapper .option-table__popup__header_info_icon{width:12px;height:12px;margin-top:-2px;cursor:pointer}.option-table__popup__header_info_wrapper .select_option_text{color:#212b36;font-size:12px;font-weight:700;margin-right:4px}.option-table__popup__header_info_wrapper .select_option_text.font-16{font-size:16px}.option-table__popup__header_info_wrapper.h39{height:39px}.option-table__popup__header_info_wrapper.h35{height:35px}.option-table__popup__header_modal_close_icon{cursor:pointer}.option-table__popup__header_modal{position:absolute;box-sizing:border-box;max-width:275px;padding:12px 40px 12px 12px;border-radius:4px;border:1px solid #dfe3e8;font-size:12px;line-height:19px;color:#333;background-color:#fff;z-index:9999999;display:none}.option-table__popup__header_modal.active{display:block}.option-table__popup__header_modal .option-table__popup__header_modal_close_icon{position:absolute;font-size:16px;right:12px;top:12px;cursor:pointer}
  </style>
  <script async="" charset="utf-8" data-requirecontext="coupangWeb" data-requiremodule="../page-controllers/common/controller" src="/resources/20240530174127/np/js/modules/../page-controllers/common/controller.js" type="text/javascript">
  </script>
  <script async="" charset="utf-8" data-requirecontext="coupangWeb" data-requiremodule="/resources/20240530174127/np/js/modules/redwood/sdp/btf/dist.js" src="/resources/20240530174127/np/js/modules/redwood/sdp/btf/dist.js" type="text/javascript">
  </script>
  <script async="" charset="utf-8" data-requirecontext="coupangWeb" data-requiremodule="common/gnbWebLogger" src="/resources/20240530174127/np/js/modules/common/gnbWebLogger.js" type="text/javascript">
  </script>
  <script async="" charset="utf-8" data-requirecontext="coupangWeb" data-requiremodule="common/utils/cookieUtils" src="/resources/20240530174127/np/js/modules/common/utils/cookieUtils.js" type="text/javascript">
  </script>
  <script async="" charset="utf-8" data-requirecontext="coupangWeb" data-requiremodule="common/essentialData" src="/resources/20240530174127/np/js/modules/common/essentialData.js" type="text/javascript">
  </script>
  <script async="" charset="utf-8" data-requirecontext="coupangWeb" data-requiremodule="common/adsplatform/adsplatformLogger" src="/resources/20240530174127/np/js/modules/common/adsplatform/adsplatformLogger.js" type="text/javascript">
  </script>
  <script async="" charset="utf-8" data-requirecontext="coupangWeb" data-requiremodule="common/gnbCashWidget" src="/resources/20240530174127/np/js/modules/common/gnbCashWidget.js" type="text/javascript">
  </script>
  <script async="" charset="utf-8" data-requirecontext="coupangWeb" data-requiremodule="common/gnb/myCoupangIcon" src="/resources/20240530174127/np/js/modules/common/gnb/myCoupangIcon.js" type="text/javascript">
  </script>
  <script async="" charset="utf-8" data-requirecontext="coupangWeb" data-requiremodule="common/fbi/fbiEntrance" src="/resources/20240530174127/np/js/modules/common/fbi/fbiEntrance.js" type="text/javascript">
  </script>
  <script async="" charset="utf-8" data-requirecontext="coupangWeb" data-requiremodule="common/explainingBenefitsNudge" src="/resources/20240530174127/np/js/modules/common/explainingBenefitsNudge.js" type="text/javascript">
  </script>
  <script async="" charset="utf-8" data-requirecontext="coupangWeb" data-requiremodule="common/promotionHeaderWidget" src="/resources/20240530174127/np/js/modules/common/promotionHeaderWidget.js" type="text/javascript">
  </script>
  <script async="" charset="utf-8" data-requirecontext="coupangWeb" data-requiremodule="common/red-carpet/redCarpetWidget" src="/resources/20240530174127/np/js/modules/common/red-carpet/redCarpetWidget.js" type="text/javascript">
  </script>
  <meta content="A+Mt6wQ7St5J869uXW1A/aL3lJaYJYff4gUwPvwSbTuZ7z/T1l4np41d/t4W9TdeS/EMua5fYfBoz4v4TT9tdAgAAACAeyJvcmlnaW4iOiJodHRwczovL2NyaXRlby5uZXQ6NDQzIiwiZmVhdHVyZSI6IlByaXZhY3lTYW5kYm94QWRzQVBJcyIsImV4cGlyeSI6MTY2MTI5OTE5OSwiaXNTdWJkb21haW4iOnRydWUsImlzVGhpcmRQYXJ0eSI6dHJ1ZX0=" http-equiv="origin-trial"/>
  <style type="text/css">
   .select-recommend-item{border:1px solid #0073e9}.select-recommend-item-title{color:#0073e9}.sc-item-list-placeholder{margin-top:40px;padding-bottom:35px;border-bottom:1px solid #eee}.sc-item-list-widget{position:relative;width:980px}.sc-item-list-widget .sc-widget-header{width:100%;height:18px;padding-bottom:30px}.sc-item-list-widget .sc-widget__title{float:left;font-size:18px;font-weight:700;color:#111}.sc-item-list-widget .sc-widget__see-more{color:#346aff}.sc-item-list-widget .sc-widget__page-counter{display:block;float:right;font-size:14px;font-family:Tahoma;color:#555}.sc-item-list-widget .sc-widget__page-counter em{font-weight:700;color:#111}.sc-item-list-widget .sc-widget__arrow-button{display:block;position:absolute;top:95px;width:38px;height:54px;border:1px solid #eee;background:url("//img1a.coupangcdn.com/image/dragonstone/sdp/PCSDP_imageasset_171215-min.png") no-repeat;text-indent:-9999em}.sc-item-list-widget .sc-widget__arrow-button.slide-prev{left:0;background-position:-176px -265px}.sc-item-list-widget .sc-widget__arrow-button.slide-prev:hover{background-position:-272px -265px}.sc-item-list-widget .sc-widget__arrow-button.slide-next{right:0;background-position:-223px -265px}.sc-item-list-widget .sc-widget__arrow-button.slide-next:hover{background-position:-319px -265px}.sc-item-list-widget .sc-widget__list{position:relative;width:980px;margin:0 auto;overflow:hidden}.sc-item-list-widget .sc-widget__list ul{width:9999px;overflow:hidden}.sc-item-list-widget .sc-widget__item{float:left;width:172px;position:relative;margin-right:30px}.sc-item-list-widget .sc-widget__item a{display:inline-block;width:172px;height:auto;cursor:pointer}.sc-item-list-widget .sc-widget__item a:hover .sc-widget__item__title{text-decoration:underline;color:#346aff}.sc-item-list-widget .sc-widget__item__image{width:172px;height:172px}.sc-item-list-widget .sc-widget__item__title{display:block;display:-webkit-box;padding:12px 0 0;font-size:12px;color:#111;font-weight:400;overflow:hidden;text-overflow:ellipsis;-webkit-box-orient:vertical;-webkit-line-clamp:3}.sc-item-list-widget .sc-widget__item__review{width:100%;height:13px;padding-top:6px;overflow:hidden;clear:both}.sc-item-list-widget .sc-widget__item__review-score-bg{display:block;float:left;width:69px;height:35px;background:url("//img1a.coupangcdn.com/image/dragonstone/sdp/PCSDP_imageasset_171215-min.png") no-repeat;background-position:0 -367px;text-indent:-9999px}.sc-item-list-widget .sc-widget__item__review-score{display:block;width:69px;height:35px;background:url("//img1a.coupangcdn.com/image/dragonstone/sdp/PCSDP_imageasset_171215-min.png") no-repeat;background-position:0 -380px;text-indent:-9999px}.sc-item-list-widget .sc-widget__item__review-count{display:block;float:left;line-height:1;margin-left:4px;font-family:Tahoma;font-weight:400;font-size:12px;color:#888}.sc-item-list-widget .sc-widget__item__price{display:inline-block;float:left;line-height:1;margin-top:6px;color:#ae0000;font-weight:700;font-size:12px;overflow:hidden;clear:both;padding-right:3px}.sc-item-list-widget .sc-widget__item__price em{font-family:Tahoma;font-weight:700;font-size:14px}.sc-item-list-widget .sc-widget__item__badge{display:inline-block;margin-top:7px;width:auto;height:14px}.sc-widget__item__benifit-wrapper{width:100%;clear:both;padding-top:3px}.sc-widget__item__benifit{display:flex;flex-wrap:wrap}.sc-widget__item__benifit.is-for-wot .text{font-weight:400;line-height:20px;font-size:12px;color:#454f5b}.sc-widget__item__benifit.is-for-wot .num{display:block;position:relative;margin-right:10px;padding:0 4px 0 6px;height:18px;font-size:12px;line-height:20px;background:#fce9e6;border:1px solid #fcd2cb;border-radius:2px 0 0 2px;border-right:0;color:#cb1400;font-weight:700}.sc-widget__item__benifit.is-for-wot .num i{font-style:normal}.sc-widget__item__benifit.is-for-wot .num:after{position:absolute;top:-1px;right:-6px;display:block;content:" ";width:6px;height:20px;background-size:cover;background-image:url("data:image/png;base64,iVBORw0KGgoAAAANSUhEUgAAAAwAAAAoCAYAAADKSBvHAAAMP2lDQ1BJQ0MgUHJvZmlsZQAASImVVwdYU8kWnluSkEBoAQSkhN4EkRpASggt9N5EJSQBQokxEFTs6KKCaxcL2NBVEQUrzYIidhbF3hcLKsq6WLArb1JA133le/N9c+e//5z5z5kzc8sAoHacIxLloeoA5AsLxbHB/vTklFQ66SnAAAp0ABWYcrgFImZ0dDiAZaj9e3l3HSDS9oq9VOuf/f+1aPD4BVwAkGiIM3gF3HyIDwKAV3FF4kIAiFLebEqhSIphBVpiGCDEC6U4S46rpDhDjvfKbOJjWRC3A6CkwuGIswBQvQR5ehE3C2qo9kPsKOQJhACo0SH2yc+fxIM4HWJraCOCWKrPyPhBJ+tvmhnDmhxO1jCWz0VWlAIEBaI8zrT/Mx3/u+TnSYZ8WMKqki0OiZXOGebtZu6kMClWgbhPmBEZBbEmxB8EPJk9xCglWxKSILdHDbgFLJgzuM4AdeRxAsIgNoA4SJgXGa7gMzIFQWyI4Q5BpwoK2fEQ60K8kF8QGKew2SyeFKvwhTZkillMBX+WI5b5lfq6L8lNYCr0X2fz2Qp9TLU4Oz4JYgrE5kWCxEiIVSF2KMiNC1PYjC3OZkUO2YglsdL4zSGO5QuD/eX6WFGmOChWYV+WXzA0X2xztoAdqcD7C7PjQ+T5wdq5HFn8cC7YJb6QmTCkwy9IDh+aC48fECifO/aML0yIU+h8EBX6x8rH4hRRXrTCHjfl5wVLeVOIXQqK4hRj8cRCuCHl+nimqDA6Xh4nXpzDCY2Wx4MvA+GABQIAHUhgzQCTQA4QdPY19sE7eU8Q4AAxyAJ8YK9ghkYkyXqE8BoHisGfEPFBwfA4f1kvHxRB/uswK7/ag0xZb5FsRC54AnE+CAN58F4iGyUc9pYIHkNG8A/vHFi5MN48WKX9/54fYr8zTMiEKxjJkEe62pAlMZAYQAwhBhFtcH3cB/fCw+HVD1YnnIF7DM3juz3hCaGL8JBwjdBNuDVRUCL+KcoI0A31gxS5yPgxF7gl1HTF/XFvqA6VcR1cH9jjLtAPE/eFnl0hy1LELc0K/Sftv83gh9VQ2JEdySh5BNmPbP3zSFVbVddhFWmuf8yPPNaM4Xyzhnt+9s/6Ifs82Ib9bIktxA5gZ7AT2DnsCNYI6Fgr1oR1YEeleHh3PZbtriFvsbJ4cqGO4B/+hlZWmskCx1rHXscv8r5C/lTpOxqwJommiQVZ2YV0Jvwi8OlsIddhFN3J0ckZAOn3Rf76ehMj+24gOh3fuXl/AODdOjg4ePg7F9oKwD53+Pg3f+esGfDToQzA2WauRFwk53DphQDfEmrwSdMDRsAMWMP5OAE34AX8QCAIBVEgHqSACTD6bLjPxWAKmAHmglJQDpaB1WA92AS2gp1gD9gPGsERcAKcBhfAJXAN3IG7pwe8AP3gHfiMIAgJoSI0RA8xRiwQO8QJYSA+SCASjsQiKUg6koUIEQkyA5mHlCMrkPXIFqQG2Yc0IyeQc0gXcgt5gPQir5FPKIaqoFqoIWqJjkYZKBMNQ+PR8WgWOhktRuejS9C1aDW6G21AT6AX0GtoN/oCHcAApozpYCaYPcbAWFgUloplYmJsFlaGVWDVWB3WAtf5CtaN9WEfcSJOw+m4PdzBIXgCzsUn47Pwxfh6fCfegLfjV/AHeD/+jUAlGBDsCJ4ENiGZkEWYQiglVBC2Ew4RTsFnqYfwjkgk6hCtiO7wWUwh5hCnExcTNxDriceJXcRHxAESiaRHsiN5k6JIHFIhqZS0jrSb1Eq6TOohfVBSVjJWclIKUkpVEiqVKFUo7VI6pnRZ6anSZ7I62YLsSY4i88jTyEvJ28gt5IvkHvJnigbFiuJNiafkUOZS1lLqKKcodylvlJWVTZU9lGOUBcpzlNcq71U+q/xA+aOKpoqtCkslTUWiskRlh8pxlVsqb6hUqiXVj5pKLaQuodZQT1LvUz+o0lQdVNmqPNXZqpWqDaqXVV+qkdUs1JhqE9SK1SrUDqhdVOtTJ6tbqrPUOeqz1CvVm9VvqA9o0DTGaERp5Gss1tilcU7jmSZJ01IzUJOnOV9zq+ZJzUc0jGZGY9G4tHm0bbRTtB4topaVFlsrR6tca49Wp1a/tqa2i3ai9lTtSu2j2t06mI6lDlsnT2epzn6d6zqfRhiOYI7gj1g0om7E5RHvdUfq+unydct063Wv6X7So+sF6uXqLddr1Lunj+vb6sfoT9HfqH9Kv2+k1kivkdyRZSP3j7xtgBrYGsQaTDfYatBhMGBoZBhsKDJcZ3jSsM9Ix8jPKMdoldExo15jmrGPscB4lXGr8XO6Np1Jz6OvpbfT+00MTEJMJCZbTDpNPptamSaYlpjWm94zo5gxzDLNVpm1mfWbG5tHmM8wrzW/bUG2YFhkW6yxOGPx3tLKMslygWWj5TMrXSu2VbFVrdVda6q1r/Vk62rrqzZEG4ZNrs0Gm0u2qK2rbbZtpe1FO9TOzU5gt8GuaxRhlMco4ajqUTfsVeyZ9kX2tfYPHHQcwh1KHBodXo42H506evnoM6O/Obo65jluc7wzRnNM6JiSMS1jXjvZOnGdKp2uOlOdg5xnOzc5v3Kxc+G7bHS56UpzjXBd4Nrm+tXN3U3sVufW627unu5e5X6DocWIZixmnPUgePh7zPY44vHR082z0HO/519e9l65Xru8no21Gssfu23sI29Tb473Fu9uH7pPus9mn25fE1+Ob7XvQz8zP57fdr+nTBtmDnM386W/o7/Y/5D/e5YnaybreAAWEBxQFtAZqBmYELg+8H6QaVBWUG1Qf7Br8PTg4yGEkLCQ5SE32IZsLruG3R/qHjoztD1MJSwubH3Yw3DbcHF4SwQaERqxMuJupEWkMLIxCkSxo1ZG3Yu2ip4cfTiGGBMdUxnzJHZM7IzYM3G0uIlxu+LexfvHL42/k2CdIEloS1RLTEusSXyfFJC0Iqk7eXTyzOQLKfopgpSmVFJqYur21IFxgeNWj+tJc00rTbs+3mr81PHnJuhPyJtwdKLaRM7EA+mE9KT0XelfOFGcas5ABjujKqOfy+Ku4b7g+fFW8Xr53vwV/KeZ3pkrMp9leWetzOrN9s2uyO4TsATrBa9yQnI25bzPjcrdkTuYl5RXn6+Un57fLNQU5grbJxlNmjqpS2QnKhV1T/acvHpyvzhMvL0AKRhf0FSoBX/kOyTWkl8kD4p8iiqLPkxJnHJgqsZU4dSOabbTFk17WhxU/Nt0fDp3etsMkxlzZzyYyZy5ZRYyK2NW22yz2fNn98wJnrNzLmVu7tzfSxxLVpS8nZc0r2W+4fw58x/9EvxLbalqqbj0xgKvBZsW4gsFCzsXOS9at+hbGa/sfLljeUX5l8Xcxed/HfPr2l8Hl2Qu6VzqtnTjMuIy4bLry32X71yhsaJ4xaOVESsbVtFXla16u3ri6nMVLhWb1lDWSNZ0rw1f27TOfN2ydV/WZ6+/VulfWV9lULWo6v0G3obLG/021m0y3FS+6dNmweabW4K3NFRbVldsJW4t2vpkW+K2M78xfqvZrr+9fPvXHcId3Ttjd7bXuNfU7DLYtbQWrZXU9u5O231pT8Cepjr7ui31OvXle8Feyd7n+9L3Xd8ftr/tAONA3UGLg1WHaIfKGpCGaQ39jdmN3U0pTV3Noc1tLV4thw47HN5xxORI5VHto0uPUY7NPzbYWtw6cFx0vO9E1olHbRPb7pxMPnm1Paa981TYqbOng06fPMM803rW++yRc57nms8zzjdecLvQ0OHaceh3198Pdbp1Nlx0v9h0yeNSS9fYrmOXfS+fuBJw5fRV9tUL1yKvdV1PuH7zRtqN7pu8m89u5d16dbvo9uc7c+4S7pbdU79Xcd/gfvUfNn/Ud7t1H30Q8KDjYdzDO4+4j148Lnj8pWf+E+qTiqfGT2ueOT070hvUe+n5uOc9L0QvPveV/qnxZ9VL65cH//L7q6M/ub/nlfjV4OvFb/Te7Hjr8rZtIHrg/rv8d5/fl33Q+7DzI+PjmU9Jn55+nvKF9GXtV5uvLd/Cvt0dzB8cFHHEHNmvAAYrmpkJwOsdAFBTAKDB8xllnPz8JyuI/MwqQ+A/YfkZUVbcAKiD/+8xffDv5gYAe7fB4xfUV0sDIJoKQLwHQJ2dh+vQWU12rpQWIjwHbI7+mpGfAf5NkZ85f4j75xZIVV3Az+2/APfifFST1Bi7AAAAOGVYSWZNTQAqAAAACAABh2kABAAAAAEAAAAaAAAAAAACoAIABAAAAAEAAAAMoAMABAAAAAEAAAAoAAAAAASFUaMAAADkSURBVDgR7ZXRDYIwFEXfpQ6Aic6hbsAIOoG4gSbqDMa4g2wgblA38V8+WACfVPMSosKjfybSn1vSex7tbdMi28yZtAZKTYBVf5dc0Qp4FcyNwSTQilfGw6Lgow/g2LEvEPoC1AGVTart/mBKvdrJfgzAMtNZBUCU3xmz4SGxroa6aAYWYm4BwA72SeqM0hr/wKCLGEUbATCFYhRtBIh4JEZRBaDoto4jMTvVAAL4lG3jqUA+14wtI9Y3TiqXGoE5UqdUAZ7dDnhP5Nv336XE5HH43O1hDC3VlJyRCDYoX1D37D4AAFw1skRazzcAAAAASUVORK5CYII=")}.sc-widget__item__benifit.is-for-winback .text{line-height:14px;font-size:12px;color:#454f5b}.sc-widget__item__benifit.is-for-winback .num{background-image:url(data:image/svg+xml;base64,PHN2ZyB3aWR0aD0iMTYiIGhlaWdodD0iMTIiIHZpZXdCb3g9IjAgMCAxNiAxMiIgZmlsbD0ibm9uZSIgeG1sbnM9Imh0dHA6Ly93d3cudzMub3JnLzIwMDAvc3ZnIj4KPHBhdGggZD0iTTAuNjY2MDE2IDEuOTk5ODRDMC42NjYwMTYgMS4yNjM0NiAxLjI2Mjk3IDAuNjY2NTA0IDEuOTk5MzUgMC42NjY1MDRIOS45OTkzNVYxMS4zMzMySDEuOTk5MzVDMS4yNjI5NyAxMS4zMzMyIDAuNjY2MDE2IDEwLjczNjIgMC42NjYwMTYgOS45OTk4NFYxLjk5OTg0WiIgZmlsbD0iI0YyQTA5MSIvPgo8cGF0aCBkPSJNOS4zMzIwMyAwLjY2NjUwNEg5Ljk5ODdWMTEuMzMzMkg5LjMzMjAzVjAuNjY2NTA0WiIgZmlsbD0iI0VDNzU1RiIvPgo8cGF0aCBmaWxsLXJ1bGU9ImV2ZW5vZGQiIGNsaXAtcnVsZT0iZXZlbm9kZCIgZD0iTTE0LjMzMzMgMC42NjY1MDRIMTBWMTEuMzMzMkgxNC4zMzMzQzE0Ljg4NTYgMTEuMzMzMiAxNS4zMzMzIDEwLjg4NTUgMTUuMzMzMyAxMC4zMzMyVjguNDk5ODRDMTUuMzMzMyA4LjIyMzY5IDE1LjEwNiA4LjAwNjI1IDE0LjgzODQgNy45MzgxMkMxMy45NzMyIDcuNzE3ODcgMTMuMzMzMyA2LjkzMzU4IDEzLjMzMzMgNS45OTk4NEMxMy4zMzMzIDUuMDY2MSAxMy45NzMyIDQuMjgxODEgMTQuODM4NCA0LjA2MTU1QzE1LjEwNiAzLjk5MzQyIDE1LjMzMzMgMy43NzU5OCAxNS4zMzMzIDMuNDk5ODRWMS42NjY1QzE1LjMzMzMgMS4xMTQyMiAxNC44ODU2IDAuNjY2NTA0IDE0LjMzMzMgMC42NjY1MDRaIiBmaWxsPSIjRTY0QTJEIi8+Cjwvc3ZnPgo=);background-size:cover;width:16px;height:12px;margin-top:1px;margin-right:4px}.sc-widget__item__benifit.is-for-winback .num i{font-style:normal}
  </style>
  <style type="text/css">
   .select-recommend-item{border:1px solid #0073e9}.select-recommend-item-title{color:#0073e9}.ui-recommendation-list{position:relative}.ui-recommendation-list .rl-header{width:100%;padding-bottom:20px}.ui-recommendation-list .rl-header__title{font-size:18px;font-weight:700;color:#111;display:inline-block}.ui-recommendation-list .rl-list{position:relative;margin:0 auto;overflow:hidden}.ui-recommendation-list .rl-list ul{width:9999px;overflow:hidden}.ui-recommendation-list .rl-item{float:left;width:144px;position:relative;margin-right:30px;overflow:hidden}.ui-recommendation-list .rl-item .cls_product-item-coupon-nudge{margin-top:3px;margin-bottom:0;display:flex;align-items:center;flex-wrap:wrap;gap:4px;color:#454f5b;font-size:12px}.ui-recommendation-list .rl-item .cls_product-item-coupon-nudge-icon{display:inline-block;position:relative;padding-right:5px;white-space:nowrap}.ui-recommendation-list .rl-item .cls_product-item-coupon-nudge-icon:after{content:"";width:5px;height:20px;position:absolute;right:0;top:0;background:url(data:image/png;base64,iVBORw0KGgoAAAANSUhEUgAAAAoAAAAoCAYAAADHVmuAAAAACXBIWXMAABYlAAAWJQFJUiTwAAAAAXNSR0IArs4c6QAAAARnQU1BAACxjwv8YQUAAADJSURBVHgB7dPNCcIwGAbg7007QAU9OIU/E3QDcYGqIxRRV1DEGYwTWCewbtK7hfau9jNFPIj9+U5e7AuBHJ7kDSRBvJgwlQUUWIDf2ugIlfCV1FIYKKqP88h4L4F5+lLoSCE18MfQrhVMYUY42RUgZca4s9NhdbXC7I3Kq01de6uDj3WFjvnyVUCFteSIIAg9ETRxr/OpK4EExcd45Y3yebz0SPJdQwIf6m/GHIMYbvPC/wMycaAEKrlbylflm1BixvlmY9hd6+gJmQk+VQMQCsUAAAAASUVORK5CYII=) 100% 100% no-repeat;background-size:contain}.ui-recommendation-list .rl-item .cls_product-item-coupon-nudge-icon i{display:inline-block;height:20px;line-height:20px;box-sizing:border-box;font-style:normal;font-weight:700;border-radius:2px 0 0 2px;border:1px solid #fcd2cb;border-right:none;background:#fce9e6;padding:0 4px;color:#cb1400}.ui-recommendation-list .rl-item .cls_product-item-coupon-nudge-desc{font-family:system-ui,apple sd gothic neo,"\B9D1\C740   \ACE0\B515",malgun gothic,\\B098\B214\ACE0\B515,nanumgothic,\\B3CB\C6C0,dotum,sans-serif}.ui-recommendation-list .rl-item .cls_product-item-coupon-nudge-no-amount{margin-top:3px;margin-bottom:0;color:#454f5b;font-size:0}.ui-recommendation-list .rl-item .cls_product-item-coupon-nudge-no-amount-icon{width:16px;height:16px;display:inline-block;vertical-align:middle;background:url(data:image/png;base64,iVBORw0KGgoAAAANSUhEUgAAACAAAAAgCAYAAABzenr0AAAACXBIWXMAABYlAAAWJQFJUiTwAAAAAXNSR0IArs4c6QAAAARnQU1BAACxjwv8YQUAAAEhSURBVHgB7ZZNTsJAFMf/b4oxruxWGyNujR/cQDYu5BJyhN5APYFHQA4hurMHMBq/1qJRWBDSsAb6mIE2gUAC6WLegvkt+qYvk5lfk768BzgcwlC2iGu3ZY+8S+SE4w76rV/0v16WbyaKdu7f62ZZSC8veqSe9DHIC6ffstIJzNX/ytFB0Pi8VuZdP0JYRoH2J3GCDyEUhFlfAWZ6M7EAy+hauRskXN97/IisCzD4ZleX3nTOngCjGTzMXm6w+A9wc1HWngBTD6ICCmff5ZI/n7aHv7k1vIKggKnBsF05rv2dH5ZkBDDullW14b22Lk5CEYEMIj4VFchwAmOBRDcI2CahyITpobRoRjMi2kYOOO6mQ+nz0r0J6CdozPcFh0OEEcoGT4BWMnk5AAAAAElFTkSuQmCC) 100% 100% no-repeat;background-size:contain;margin-right:4px}.ui-recommendation-list .rl-item .cls_product-item-coupon-nudge-no-amount-desc{font-size:12px;font-family:system-ui,apple sd gothic neo,"\B9D1\C740   \ACE0\B515",malgun gothic,\\B098\B214\ACE0\B515,nanumgothic,\\B3CB\C6C0,dotum,sans-serif;vertical-align:middle}.ui-recommendation-list .rl-item.rl-last-item{margin-right:0}.ui-recommendation-list .rl-item a{display:inline-block;width:144px;height:auto;cursor:pointer}.ui-recommendation-list .rl-item a:hover .rl-item__title{text-decoration:none;color:#346aff}.ui-recommendation-list .rl-item__image-wrap{width:144px;height:144px;overflow:hidden}.ui-recommendation-list .rl-item__biz-dadge-wrap{margin-top:12px}.ui-recommendation-list .rl-item__biz-dadge-wrap img{height:20px}.ui-recommendation-list .rl-item__image{width:144px;height:144px;--webkit-transition:$property $duration $effect;-moz-transition:transform .2s ease;-ms-transition:transform .2s ease;-o-transition:transform .2s ease;transition:transform .2s ease}.ui-recommendation-list .rl-item__image:hover{-webkit-transform:scale(1.1);-moz-transform:scale(1.1);-ms-transform:scale(1.1);-o-transform:scale(1.1);transform:scale(1.1)}.ui-recommendation-list .rl-item__title{padding:12px 0 0;font-size:12px;color:#111;font-weight:400;display:block;display:-webkit-box;-webkit-line-clamp:2;-webkit-box-orient:vertical;overflow:hidden;text-overflow:ellipsis}.ui-recommendation-list .rl-item__review{width:100%;height:13px;padding-top:6px;overflow:hidden;clear:both}.ui-recommendation-list .rl-item__review-score-bg{display:block;float:left;width:69px;height:35px;background:url("//img1a.coupangcdn.com/image/dragonstone/sdp/PCSDP_imageasset_171215-min.png") no-repeat;background-position:0 -367px;text-indent:-9999px}.ui-recommendation-list .rl-item__review-score{display:block;width:69px;height:35px;background:url("//img1a.coupangcdn.com/image/dragonstone/sdp/PCSDP_imageasset_171215-min.png") no-repeat;background-position:0 -380px;text-indent:-9999px}.ui-recommendation-list .rl-item__review-count{display:block;float:left;line-height:1;margin-left:4px;font-family:Tahoma;font-weight:400;font-size:12px;color:#888}.ui-recommendation-list .rl-item__price{float:left;line-height:1;margin-top:6px;color:#ae0000;font-weight:700;font-size:12px;overflow:hidden;clear:both;margin-right:4px}.ui-recommendation-list .rl-item__price em{font-family:Tahoma;font-weight:700;font-size:14px}.ui-recommendation-list .rl-item__badge{float:left;margin-top:7px;width:auto;height:14px}.ui-recommendation-list .rl-item__unit-price{color:#ae0000;font-size:12px;margin-top:4px}
  </style>
  <style type="text/css">
   .select-recommend-item{border:1px solid #0073e9}.select-recommend-item-title{color:#0073e9}.ui-notifier-popup{position:absolute;width:254px;left:30px;top:-100px;font-size:12px;z-index:10}.ui-notifier-popup .ui-notifier-popup__close{position:absolute;right:8px;top:8px;display:block;width:16px;height:16px;background:url("//img1a.coupangcdn.com/image/dragonstone/sdp/PCSDP_imageasset_171215-min.png") no-repeat;background-position:-421px -205px}.ui-notifier-popup .ui-notifier-popup__layer__img{position:absolute;width:254px;height:116px;background:url("//img1a.coupangcdn.com/image/dragonstone/sdp/PCSDP_imageasset_171215-min.png") no-repeat;background-position:-217px 0}.ui-notifier-popup .ui-notifier-popup__content{position:relative;top:30px}.ui-notifier-popup .ui-notifier-popup__link{position:relative;top:50px}.ui-notifier-popup .ui-notifier-popup__link>a{padding:10px 30px;border:1px solid #346aff;color:#346aff;font-weight:700}
  </style>
  <style type="text/css">
   .select-recommend-item{border:1px solid #0073e9}.select-recommend-item-title{color:#0073e9}.ui-frequently-bought-together .fbt-header{width:100%;padding-bottom:20px}.ui-frequently-bought-together .fbt-header__title{font-size:18px;font-weight:700;color:#111}.ui-frequently-bought-together .fbt-item-list{position:relative;margin:0 auto;overflow:hidden}.ui-frequently-bought-together .fbt-item{float:left;width:144px;position:relative}.ui-frequently-bought-together .fbt-item:hover .fbt-item__title:not(.fbt-item__first-title){text-decoration:none;color:#346aff}.ui-frequently-bought-together .fbt-item a{display:inline-block;width:144px;height:auto}.ui-frequently-bought-together .fbt-item-unchecked{opacity:.5}.ui-frequently-bought-together .fbt-item__checkbox{display:table-cell;position:absolute;z-index:100}.ui-frequently-bought-together .fbt-item__checkbox input[type=checkbox]{display:none}.ui-frequently-bought-together .fbt-item__checkmark{display:inline-block;width:20px;height:20px;background:url("//img1a.coupangcdn.com/image/dragonstone/sdp/PCSDP_imageasset_171215-min.png") no-repeat -434px -368px}.ui-frequently-bought-together .fbt-item__checkmark:hover{opacity:.5}.ui-frequently-bought-together .fbt-item__checkbox input[type=checkbox]:checked~.fbt-item__checkmark{display:inline-block;width:20px;height:20px;background:url("//img1a.coupangcdn.com/image/dragonstone/sdp/PCSDP_imageasset_171215-min.png") no-repeat -412px -368px}.ui-frequently-bought-together .fbt-item__plus{display:inline-block;float:left;padding:0 5px;margin-top:62px}.ui-frequently-bought-together .fbt-item__plus-icon{display:inline-block;width:20px;height:20px;background:url("//img1a.coupangcdn.com/image/dragonstone/sdp/PCSDP_imageasset_171215-min.png") no-repeat -390px -368px}.ui-frequently-bought-together .fbt-item__image-wrap{overflow:hidden;width:144px;height:144px}.ui-frequently-bought-together .fbt-item__image{width:144px;height:144px;--webkit-transition:$property $duration $effect;-moz-transition:transform .2s ease;-ms-transition:transform .2s ease;-o-transition:transform .2s ease;transition:transform .2s ease}.ui-frequently-bought-together .fbt-item__image-scale:hover{-webkit-transform:scale(1.1);-moz-transform:scale(1.1);-ms-transform:scale(1.1);-o-transform:scale(1.1);transform:scale(1.1)}.ui-frequently-bought-together .fbt-item__title{padding:12px 0 0;font-size:12px;color:#111;font-weight:400;display:block;display:-webkit-box;-webkit-line-clamp:2;-webkit-box-orient:vertical;overflow:hidden;text-overflow:ellipsis}.ui-frequently-bought-together .fbt-item__title em{font-weight:700}.ui-frequently-bought-together .fbt-item__price{display:inline-block;line-height:1;margin-top:6px;color:#ae0000;font-weight:700;font-size:12px;overflow:hidden;clear:both}.ui-frequently-bought-together .fbt-item__price em{font-family:Tahoma;font-weight:700;font-size:14px}.ui-frequently-bought-together .fbt-item__badge{display:inline-block;margin-top:7px;width:auto;height:14px}.ui-frequently-bought-together .fbt-item__unit-price{color:#ae0000;font-size:12px}.ui-frequently-bought-together .fbt-summary__button-container{position:relative;text-align:center;padding:20px 0 5px;clear:both}.ui-frequently-bought-together .fbt-summary__cart-button{display:inline-block;padding:10px 55px;border:1px solid #346aff;color:#346aff;font-size:14px;font-weight:700}.ui-frequently-bought-together .fbt-summary__cart-button:hover{opacity:.5}.ui-frequently-bought-together .fbt-summary__cart-button-disabled{display:inline-block;border:1px solid #aaa;padding:10px 30px;color:#888;font-size:14px;font-weight:700;background-color:rgba(0,0,0,.05)}.ui-frequently-bought-together .fbt-cart-notifier-popup{display:none}
  </style>
  <style type="text/css">
   .select-recommend-item{border:1px solid #0073e9}.select-recommend-item-title{color:#0073e9}.ui-horizontal-pagination-scroller{width:100%;position:relative;overflow:hidden}.ui-horizontal-pagination-scroller table{font-family:Apple SD Gothic Neo,Malgun Gothic,Dotum,Helvetica Neue,Helvetica,Arial,sans-serif}.ui-horizontal-pagination-scroller:hover .hps-pagination-buttons__next,.ui-horizontal-pagination-scroller:hover .hps-pagination-buttons__prev{visibility:visible}.ui-horizontal-pagination-scroller .hps-scroll-inner{--webkit-transition:$property $duration $effect;-moz-transition:transform .5s ease;-ms-transition:transform .5s ease;-o-transition:transform .5s ease;transition:transform .5s ease}.ui-horizontal-pagination-scroller .hps-component-mountpoint{vertical-align:top}.ui-horizontal-pagination-scroller .hps-component-mountpoint>div{float:left}.ui-horizontal-pagination-scroller .hps-pagination-buttons__next,.ui-horizontal-pagination-scroller .hps-pagination-buttons__prev{visibility:hidden;position:absolute;top:95px;width:38px;height:54px;border:1px solid #eee;background:url("//img1a.coupangcdn.com/image/dragonstone/sdp/PCSDP_imageasset_171215-min.png") no-repeat;text-indent:-9999em;cursor:pointer;opacity:0;--webkit-transition:$property $duration $effect;-moz-transition:opacity .6s ease-in-out;-ms-transition:opacity .6s ease-in-out;-o-transition:opacity .6s ease-in-out;transition:opacity .6s ease-in-out}.ui-horizontal-pagination-scroller .hps-pagination-buttons__prev{left:0;background-position:-176px -265px}.ui-horizontal-pagination-scroller .hps-pagination-buttons__prev:hover{background-position:-272px -265px}.ui-horizontal-pagination-scroller .hps-pagination-buttons__next{right:0;background-position:-223px -265px}.ui-horizontal-pagination-scroller .hps-pagination-buttons__next:hover{background-position:-319px -265px}.ui-horizontal-pagination-scroller .hps-component-separator{padding-left:25px;border-right:1px solid #ddd}.ui-horizontal-pagination-scroller .hps-component-separator+.hps-component-mountpoint{padding-left:25px}
  </style>
  <style type="text/css">
   .people-also-bought{padding-top:30px}
  </style>
  <style type="text/css">
   .sdp-fbt-products-widget .recommend-widget__item__price{line-height:normal!important}
  </style>
  <style type="text/css">
   .select-recommend-item{border:1px solid #0073e9}.select-recommend-item-title{color:#0073e9}.ui-parity-compare-list{position:relative;display:flex;flex-direction:column}.ui-parity-compare-list div.expand-btn{display:flex;align-items:center;margin:0 0 0 6px}.ui-parity-compare-list div.expand-btn svg{width:20px;height:20px;display:inline-block;fill:#000}.ui-parity-compare-list div.expand-btn:hover svg{fill:#346aff;cursor:pointer}.ui-parity-compare-list button.expand-btn{border-radius:4px;outline:none;border:1px solid #346aff;display:flex;width:268px;height:38px;min-width:60px;min-height:38px;padding:0 10px;justify-content:center;align-items:center;background:transparent;font-size:14px;font-weight:700;line-height:17px;color:#346aff;margin:12px auto 0}.ui-parity-compare-list button.expand-btn svg{width:12px;height:12px;display:inline-block;fill:#346aff;margin-left:4px;transform:rotate(180deg)}.ui-parity-compare-list button.expand-btn:hover{background-color:#eaf0ff}.ui-parity-compare-list button.expand-btn:active{background-color:#d8e3ff}.ui-parity-compare-list.collapse .parity-compare-list{display:none}.ui-parity-compare-list.collapse div.expand-btn{transform:rotate(180deg)}.ui-parity-compare-list.collapse button.expand-btn{display:none}.ui-parity-compare-list .parity-compare-list-divider{background:#dfe3e8;height:1px}.ui-parity-compare-list .parity-compare-list-divider.B{margin:30px 0 0}.ui-parity-compare-list .parity-compare-list-divider.C{margin:30px 0}.ui-parity-compare-list.B{margin-top:30px}.ui-parity-compare-list.B .parity-compare-list-divider.C,.ui-parity-compare-list.C .parity-compare-list-divider.B{display:none}.ui-parity-compare-list .parity-compare-header{width:100%;display:flex;margin:16px 0}.ui-parity-compare-list .parity-compare-header__title{font-size:18px;font-weight:700;color:#212b36}.ui-parity-compare-list .parity-compare-list{position:relative;margin:0 auto;overflow:hidden}.ui-parity-compare-list .parity-compare-list .parity-compare-table{table-layout:fixed;width:100%}.ui-parity-compare-list .parity-compare-list .parity-compare-table td{text-align:center;padding:12px 10px;word-break:break-all}.ui-parity-compare-list .parity-compare-list .parity-compare-table tr td:nth-child(2){background-color:#fafafa}.ui-parity-compare-list .parity-compare-list .parity-compare-table>tbody>tr:nth-child(2n) td{background-color:#eaf0ff}.ui-parity-compare-list .parity-compare-list .parity-compare-table tr>td:first-child{font-weight:700}.ui-parity-compare-list .parity-compare-list .parity-compare-table tr>td{color:#212b36;text-overflow:ellipsis;-webkit-line-clamp:2;line-clamp:2;-webkit-box-orient:vertical}.ui-parity-compare-list .parity-compare-list .parity-compare-table tr>td:first-child,.ui-parity-compare-list .parity-compare-list .parity-compare-table tr>td:nth-child(2),.ui-parity-compare-list .parity-compare-list .parity-compare-table tr>td:nth-child(3){color:#000}.ui-parity-compare-list .parity-compare-list .parity-compare-table td:nth-child(2) .rl-item__title{color:#212b36}.ui-parity-compare-list .parity-compare-list .parity-compare-table a:hover .rl-item__title{color:#2954cc}.ui-parity-compare-list .parity-compare-list .parity-compare-table .rl-item__rate-text{font-size:11px;font-weight:700;color:#fff;background-color:#e12705;border-radius:4px;height:auto;line-height:14px;padding:2px 4px}.ui-parity-compare-list .rl-item-middle-section{margin-top:8px;vertical-align:middle}.ui-parity-compare-list .rl-item-middle-section .rl-item__rate-text{font-size:11px;font-weight:700;color:#fff;background-color:#e12705;border-radius:4px;height:16px;line-height:16px;margin-top:4px;padding:2px 5px}.ui-parity-compare-list .rl-item-middle-section .rl-item__discount-desc{height:14px;font-family:AppleSDGothicNeo;font-size:12px;font-weight:400;font-stretch:normal;font-style:normal;line-height:normal;color:#cb1400}.ui-parity-compare-list .rl-item-middle-section .original-price-span{color:#768695;font-size:12px;text-decoration:line-through;font-weight:400;padding-top:1px;display:block}.ui-parity-compare-list .rl-item-middle-section .rl-item-basic-tb{border:none!important;width:100%}.ui-parity-compare-list .rl-item-middle-section .rl-item-basic-tb .final-price-row{margin-top:1px}.ui-parity-compare-list .rl-item-middle-section .rl-item-basic-tb .discount-rate{display:inline-block;margin-top:4px}.ui-parity-compare-list .rl-item-middle-section .rl-item-basic-tb .badge-row,.ui-parity-compare-list .rl-item-middle-section .rl-item-basic-tb .discount-rate-row,.ui-parity-compare-list .rl-item-middle-section .rl-item-basic-tb .final-price-row,.ui-parity-compare-list .rl-item-middle-section .rl-item-basic-tb .original-price-row,.ui-parity-compare-list .rl-item-middle-section .rl-item-basic-tb .rl-item-basic-tb-row{border:none!important;height:18px}.ui-parity-compare-list .rl-item-middle-section .rl-item-basic-tb .badge-row .rl-item-basic-tb-cell,.ui-parity-compare-list .rl-item-middle-section .rl-item-basic-tb .discount-rate-row .rl-item-basic-tb-cell,.ui-parity-compare-list .rl-item-middle-section .rl-item-basic-tb .final-price-row .rl-item-basic-tb-cell,.ui-parity-compare-list .rl-item-middle-section .rl-item-basic-tb .original-price-row .rl-item-basic-tb-cell,.ui-parity-compare-list .rl-item-middle-section .rl-item-basic-tb .rl-item-basic-tb-row .rl-item-basic-tb-cell{border:none!important;padding:0;vertical-align:middle}.ui-parity-compare-list .rl-item-middle-section .rl-item-basic-tb .rating-row{padding:0}.ui-parity-compare-list .rl-item-middle-section .rl-item-basic-tb .discount-desc-row{border:none!important;height:12px}.ui-parity-compare-list .rl-item-middle-section .rl-item-basic-tb .discount-desc-row .rl-item-basic-tb-cell{border:none!important;padding:0}.ui-parity-compare-list .rl-item__image-wrap{width:120px;height:150px;display:contents}.ui-parity-compare-list .rl-item__image-wrap .rl-item__current-badge{position:relative;display:inline-block}.ui-parity-compare-list .rl-item__image-wrap .rl-item__current-badge .rl-current-item-badge-text{position:absolute;bottom:0;left:0;width:120px;height:20px;line-height:22px;background-color:rgba(52,106,255,.8);color:#fff;font-size:12px;font-weight:400}.ui-parity-compare-list .rl-item__image-wrap .rl-item-header{height:40px;padding:0 7px;margin-bottom:8px}.ui-parity-compare-list .rl-item__image-wrap .rl-item-header .rl-item__title{padding:12px 0 0;font-size:14px;color:#346aff;font-weight:700;display:block;display:-webkit-box;-webkit-line-clamp:2;-webkit-box-orient:vertical;overflow:hidden;text-overflow:ellipsis}.ui-parity-compare-list .rl-item__image,.ui-parity-compare-list .rl-item__image-with-hover{width:120px;height:120px}.ui-parity-compare-list .rl-item__review{height:13px;padding-top:8px;overflow:hidden;clear:both;display:inline-block}.ui-parity-compare-list .rl-item__review-score-bg{display:block;float:left;width:69px;height:35px;background:url("//img1a.coupangcdn.com/image/dragonstone/sdp/PCSDP_imageasset_171215-min.png") no-repeat;background-position:0 -367px;text-indent:-9999px}.ui-parity-compare-list .rl-item__review-score{display:block;width:69px;height:35px;background:url("//img1a.coupangcdn.com/image/dragonstone/sdp/PCSDP_imageasset_171215-min.png") no-repeat;background-position:0 -380px;text-indent:-9999px}.ui-parity-compare-list .rl-item__review-count{display:block;line-height:1;margin-left:4px;font-weight:400;font-size:11px;color:#212b36;word-break:keep-all}.ui-parity-compare-list .rl-item__price{display:inline-block;line-height:14px;color:#cb1400;font-weight:700;font-size:16px;overflow:hidden;clear:both}.ui-parity-compare-list .rl-item__price em{font-family:Tahoma;font-weight:700;font-size:14px}.ui-parity-compare-list .rl-item__badge{margin-top:1px;width:auto;height:16px}.ui-parity-compare-list .rating-container{display:flex;min-width:fit-content;height:13px;min-height:13px;margin:8px 0 0;align-items:end;justify-content:center}.ui-parity-compare-list .clump2{text-overflow:ellipsis;-webkit-line-clamp:2;display:-webkit-box;overflow:hidden;-webkit-box-orient:vertical}
  </style>
  <style type="text/css">
  </style>
  <style type="text/css">
   .quick-scroll{display:none;position:fixed;bottom:100px;left:-100px}.quick-scroll>a{display:block;background:url("//img1a.coupangcdn.com/image/coupang/common/bg_side_sprite.png") no-repeat;width:50px;height:33px}.quick-scroll>a.quick-scroll__top{background-position:-150px 0}.quick-scroll>a.quick-scroll__bottom{background-position:-150px -140px}
  </style>
  <style type="text/css">
   .prod-multi-option{position:relative}.prod-side .prod-multi-option{padding-top:12px;padding-bottom:8px}.prod-multi-option__item{position:relative;margin-top:8px;overflow:hidden;display:block;width:226px;height:26px;padding:0 20px 0 10px;font-size:12px;color:#333;border:1px solid #aaa;line-height:27px}.prod-multi-option__item:before{content:"";position:absolute;right:7px;top:10px;width:0;height:0;border-left:5px solid transparent;border-right:5px solid transparent;border-top:5px solid #717171;z-index:1}.prod-multi-option__item:after{position:absolute;right:0;top:0;height:100%;width:24px;border-left:1px solid #ccc;content:"";background:linear-gradient(#fff,#e6e6e6)}.prod-multi-option__item:first-child{margin-top:0}.prod-multi-option__item.active{border:2px solid #008cff;height:24px;line-height:25px;padding-left:9px;background-position:232px -211px}.prod-multi-option__item.disabled{opacity:.4;cursor:default!important}.prod-multi-option__layer{position:absolute;z-index:1000;display:none;overflow-y:auto;border-width:0 1px 1px;border-style:solid;border-color:#aaa;background:#fff}.prod-multi-option__layer.prod-inquiry-extra-style{max-height:300px}.prod-multi-option__layer__container{padding:5px 4px}.prod-multi-option__layer__item{display:block;position:relative;padding:5px 55px 5px 10px;line-height:140%;font-size:11px;color:#aaa}.prod-multi-option__layer__item[role=button]{color:#333}.prod-multi-option__layer__item:hover[role=button]{background:#008cff;color:#fff}.prod-multi-option__layer__item__title{font-weight:400}[role=button] .prod-multi-option__layer__item__inventory{color:#999}.prod-multi-option__layer__item__price{display:block;position:absolute;right:5px;top:5px}.prod-multi-option__remove-btn{margin-left:4px;padding:2px;vertical-align:middle;border:0 none;border-radius:2px;color:#fff;background-color:#aaa;font-family:Lucida Console,Monaco,monospace;font-size:14px;line-height:.8em}.prod-multi-option__blinder{display:none;position:absolute;top:0;left:0;right:0;bottom:0;background-color:#fff;opacity:.7;filter:Alpha(Opacity=70)}.prod-multi-option__blinder .prod-loading__indicator__spinner{position:absolute;left:50%;top:50%;margin-left:-12px;margin-top:-12px}.subscriptionProduct .prod-multi-option__layer__item{display:block;position:relative;padding:5px 35px 5px 10px}
  </style>
  <style type="text/css">
   .warning-banner{padding:18px 16px;background:#fce9e6;border-radius:4px;color:#e12705;margin-bottom:16px}.warning-banner-icon{display:inline-block;height:16px;width:16px;vertical-align:middle;background-size:16px 16px;background-image:url("data:image/svg+xml;base64,PHN2ZyB4bWxucz0iaHR0cDovL3d3dy53My5vcmcvMjAwMC9zdmciIHdpZHRoPSIyNCIgaGVpZ2h0PSIyNCIgdmlld0JveD0iMCAwIDI0IDI0Ij4KICAgIDxnIGZpbGw9Im5vbmUiIGZpbGwtcnVsZT0iZXZlbm9kZCI+CiAgICAgICAgPHBhdGggZmlsbD0iI0ZGRiIgZmlsbC1vcGFjaXR5PSIwIiBkPSJNMCAyNEwyNCAyNCAyNCAwIDAgMHoiLz4KICAgICAgICA8cGF0aCBmaWxsPSIjRTEyNzA1IiBmaWxsLXJ1bGU9Im5vbnplcm8iIGQ9Ik0xMiAwYzMuMjA1IDAgNi4yMTkgMS4yNDggOC40ODUgMy41MTVDMjIuNzUyIDUuNzggMjQgOC43OTUgMjQgMTJjMCAzLjIwNS0xLjI0OCA2LjIxOS0zLjUxNSA4LjQ4NUMxOC4yMiAyMi43NTIgMTUuMjA1IDI0IDEyIDI0Yy0zLjIwNSAwLTYuMjE5LTEuMjQ4LTguNDg1LTMuNTE1QzEuMjQ4IDE4LjIyIDAgMTUuMjA1IDAgMTJjMC0zLjIwNSAxLjI0OC02LjIxOSAzLjUxNS04LjQ4NUM1Ljc4IDEuMjQ4IDguNzk1IDAgMTIgMHptMCAxNi41Yy0uNjkgMC0xLjI1LjU2LTEuMjUgMS4yNVMxMS4zMSAxOSAxMiAxOXMxLjI1LS41NiAxLjI1LTEuMjUtLjU2LTEuMjUtMS4yNS0xLjI1ek0xMi4wMjUgNWMtLjU1MiAwLTEgLjQ0OC0xIDF2OGwuMDA3LjExN2MuMDU3LjQ5Ny40OC44ODMuOTkzLjg4My41NTIgMCAxLS40NDggMS0xVjZsLS4wMDctLjExN2MtLjA1Ny0uNDk3LS40OC0uODgzLS45OTMtLjg4M3oiLz4KICAgIDwvZz4KPC9zdmc+Cg==")}.warning-banner-txt{font-size:16px;line-height:20px;padding-left:8px;vertical-align:text-top}.warning-banner-txt a{color:#346aff;text-decoration:underline}.strike-company-notice{margin-top:-4px;background:#f1f4f6}.strike-company-notice .warning-banner-icon{background-image:url("data:image/svg+xml;base64,PHN2ZyB4bWxucz0iaHR0cDovL3d3dy53My5vcmcvMjAwMC9zdmciIHdpZHRoPSIyNCIgaGVpZ2h0PSIyNCIgdmlld0JveD0iMCAwIDI0IDI0Ij4KICAgIDxnIGZpbGw9Im5vbmUiIGZpbGwtcnVsZT0iZXZlbm9kZCI+CiAgICAgICAgPHBhdGggZmlsbD0iI0ZGRiIgZmlsbC1vcGFjaXR5PSIwIiBkPSJNMCAyNEwyNCAyNCAyNCAwIDAgMHoiLz4KICAgICAgICA8cGF0aCBmaWxsPSIjNDU0RjVCIiBmaWxsLXJ1bGU9Im5vbnplcm8iIGQ9Ik0xMiAwYzMuMjA1IDAgNi4yMTkgMS4yNDggOC40ODUgMy41MTVDMjIuNzUyIDUuNzggMjQgOC43OTUgMjQgMTJjMCAzLjIwNS0xLjI0OCA2LjIxOS0zLjUxNSA4LjQ4NUMxOC4yMiAyMi43NTIgMTUuMjA1IDI0IDEyIDI0Yy0zLjIwNSAwLTYuMjE5LTEuMjQ4LTguNDg1LTMuNTE1QzEuMjQ4IDE4LjIyIDAgMTUuMjA1IDAgMTJjMC0zLjIwNSAxLjI0OC02LjIxOSAzLjUxNS04LjQ4NUM1Ljc4IDEuMjQ4IDguNzk1IDAgMTIgMHptMCAxNi41Yy0uNjkgMC0xLjI1LjU2LTEuMjUgMS4yNVMxMS4zMSAxOSAxMiAxOXMxLjI1LS41NiAxLjI1LTEuMjUtLjU2LTEuMjUtMS4yNS0xLjI1ek0xMi4wMjUgNWMtLjU1MiAwLTEgLjQ0OC0xIDF2OGwuMDA3LjExN2MuMDU3LjQ5Ny40OC44ODMuOTkzLjg4My41NTIgMCAxLS40NDggMS0xVjZsLS4wMDctLjExN2MtLjA1Ny0uNDk3LS40OC0uODgzLS45OTMtLjg4M3oiLz4KICAgIDwvZz4KPC9zdmc+Cg==")}.strike-company-notice .warning-banner-txt{color:#525c67}.strike-company-notice .warning-banner-link{margin-left:12px;font-size:16px;line-height:20px;color:#346aff;font-weight:700;vertical-align:top}.strike-company-notice .warning-banner-link:after{display:inline-block;width:16px;height:16px;vertical-align:top;content:"";background-size:100%;background-image:url("data:image/svg+xml;base64,PD94bWwgdmVyc2lvbj0iMS4wIiBlbmNvZGluZz0iVVRGLTgiPz4KPHN2ZyB3aWR0aD0iMjRweCIgaGVpZ2h0PSIyNHB4IiB2aWV3Qm94PSIwIDAgMjQgMjQiIHZlcnNpb249IjEuMSIgeG1sbnM9Imh0dHA6Ly93d3cudzMub3JnLzIwMDAvc3ZnIiB4bWxuczp4bGluaz0iaHR0cDovL3d3dy53My5vcmcvMTk5OS94bGluayI+CiAgICA8dGl0bGU+aWNfYXJyb3dfcmlnaHRfb3V0bGluZTwvdGl0bGU+CiAgICA8ZyBpZD0iUGFnZS0xIiBzdHJva2U9Im5vbmUiIHN0cm9rZS13aWR0aD0iMSIgZmlsbD0ibm9uZSIgZmlsbC1ydWxlPSJldmVub2RkIj4KICAgICAgICA8ZyBpZD0iW0VsZW1lbnRdLUljb24iIHRyYW5zZm9ybT0idHJhbnNsYXRlKC02OS4wMDAwMDAsIC01MzMuMDAwMDAwKSI+CiAgICAgICAgICAgIDxnIGlkPSJFbGVtZW50L0ljb24vMS5PdXRsaW5lL2Fycm93X3JpZ2h0IiB0cmFuc2Zvcm09InRyYW5zbGF0ZSg2OS4wMDAwMDAsIDUzMy4wMDAwMDApIj4KICAgICAgICAgICAgICAgIDxwYXRoIGQ9Ik03Ljc3MTgxMDAxLDMuMzE0NjE1MyBDOC4xMjEyMDk4MywyLjk0MzM3Nzk5IDguNjg3MzQwNzIsMi44OTg0ODAyNSA5LjA4ODY5MDg4LDMuMTkxNDgzMDMgTDkuMTg1Mzc0NywzLjI3MTc4MDAxIEwxNy42ODUzNzQ3LDExLjI3MTc4IEMxOC4wNzQ5MjMyLDExLjYzODQxMzkgMTguMTAyNzQ4MSwxMi4yMzk0ODQgMTcuNzY4ODQ5NCwxMi42Mzk2MDg4IEwxNy42ODUzNzQ3LDEyLjcyODE4IEw5LjE4NTM3NDcsMjAuNzI4MTggQzguNzgzMjAwOTUsMjEuMTA2Njk2NSA4LjE1MDMyNjQ4LDIxLjA4NzUxODQgNy43NzE4MTAwMSwyMC42ODUzNDQ3IEM3LjQyMjQxMDE5LDIwLjMxNDEwNzQgNy40MTE4NzQzMSwxOS43NDYyOTY3IDcuNzI4NjQxNDEsMTkuMzYzNDI0NCBMNy44MTQ2NDUzLDE5LjI3MTc4IEwxNS41NCwxMiBMNy44MTQ2NDUzLDQuNzI4MTc5OTkgQzcuNDQzNDA3OTksNC4zNzg3ODAxNyA3LjM5ODUxMDI1LDMuODEyNjQ5MjggNy42OTE1MTMwMywzLjQxMTI5OTEyIEw3Ljc3MTgxMDAxLDMuMzE0NjE1MyBaIiBpZD0i8J+OqC1JY29uLUNvbG9yIiBmaWxsPSIjMzQ2QUZGIiBmaWxsLXJ1bGU9Im5vbnplcm8iPjwvcGF0aD4KICAgICAgICAgICAgICAgIDxwb2x5Z29uIGlkPSLwn5qAaWNfYXJyb3dfcmlnaHRfb3V0bGluZSIgZmlsbC1vcGFjaXR5PSIwIiBmaWxsPSIjRkZGRkZGIiBwb2ludHM9IjAgMjQgMjQgMjQgMjQgMCAwIDAiPjwvcG9seWdvbj4KICAgICAgICAgICAgPC9nPgogICAgICAgIDwvZz4KICAgIDwvZz4KPC9zdmc+")}.plp-ranking>li{margin-top:8px}.plp-ranking>li:first-child{margin:0}.plp-ranking-paths{display:inline-block}.plp-ranking-paths:before{content:"|";margin:0 5px;color:#ddd}.plp-ranking-paths li{display:inline-block}.plp-ranking-paths li a{color:#346aff}.plp-ranking-paths li a:hover{text-decoration:underline}.plp-ranking-paths li:before{content:">";color:#346aff}.plp-ranking-paths li:first-child:before{display:none}.rocket-merchant-description{padding-bottom:40px;text-align:center}.rocket-merchant-description img{width:780px;height:auto}.prod-selling-point{padding-bottom:30px}.prod-selling-point__title{font-weight:700;margin-bottom:10px;font-size:14px}.prod-selling-point__content{margin-left:16px;color:#111}.prod-selling-point__content li{list-style:disc outside;line-height:1.5}.product-detail .product-detail-content em{font-style:italic}.product-detail .product-essential-info{margin-bottom:30px}.product-detail .product-essential-info .table-title{padding-bottom:10px;font-size:14px;font-weight:700}.product-detail .product-essential-info .essential-info-table-wraper{overflow:hidden}.product-detail .product-essential-info table{width:100%;border-bottom:1px solid #ccc;font-size:1em;margin:0}.product-detail .product-essential-info .essential-info-more{display:none;width:100%;padding:12px 0;text-align:center;border-bottom:1px solid #eee}.product-detail .product-essential-info .essential-info-more .essential-info-more__btn{display:inline-block;height:17px;font-size:14px;font-weight:700;color:#346aff}.product-detail .product-essential-info .essential-info-more .essential-info-more__btn__bg{display:inline-block;text-indent:-9999px;margin-left:8px;vertical-align:top;position:relative;top:6px;width:12px;height:17px;background:url("//img1a.coupangcdn.com/image/dragonstone/sdp/PCSDP_imageasset_171215-min.png") no-repeat -395px -231px}.product-detail .product-essential-info.essential-table-collapsed .essential-info-more{display:block}.product-detail .product-essential-info.essential-table-collapsed tr+tr+tr+tr{display:none}.product-detail .product-detail-content-inside{margin-bottom:20px}.product-detail .product-detail-content-inside:after{display:table;content:"";clear:both}.product-detail .product-detail-content.hide-overflow .product-detail-content-inside{max-height:1200px;overflow:hidden}.product-detail .product-detail-seemore{text-align:center;display:none}.product-detail .product-detail-seemore .product-detail-seemore-btn{display:inline-block;padding:14px 80px;background:inherit;color:#346aff;border-radius:2px;outline:none;font-weight:700;border:1px solid #346aff;font-size:1.2em;cursor:pointer}.product-detail .product-detail-seemore .product-detail-seemore-btn h4{display:inline-block;margin:0;font-weight:700;font-size:14px}.product-detail .product-detail-seemore .product-detail-seemore-btn h4:before{content:attr(data-normal-text)}.product-detail .product-detail-seemore .product-detail-seemore-btn h4:after{display:inline-block;content:"";width:13px;height:8px;margin-left:5px;background:url("//img1a.coupangcdn.com/image/dragonstone/sdp/PCSDP_imageasset_171215-min.png") no-repeat;background-position:-405px -217px}.lt-ie9 .product-detail .product-detail-seemore .product-detail-seemore-btn h4:after{display:none}.product-detail .product-detail-seemore .product-detail-seemore-btn.expand h4:before{content:attr(data-expand-text)}.product-detail .product-detail-seemore .product-detail-seemore-btn.expand h4:after{display:inline-block;content:"";width:13px;height:8px;margin-left:5px;background:url("//img1a.coupangcdn.com/image/dragonstone/sdp/PCSDP_imageasset_171215-min.png") no-repeat;background-position:-405px -205px}.product-detail .vendor-item .type-IMAGE,.product-detail .vendor-item .type-IMAGE_IMAGE,.product-detail .vendor-item .type-IMAGE_NO_SPACE,.product-detail .vendor-item .type-IMAGE_TEXT,.product-detail .vendor-item .type-PRODUCT_COMMON_TEXT,.product-detail .vendor-item .type-TEXT,.product-detail .vendor-item .type-TEXT_IMAGE,.product-detail .vendor-item .type-TEXT_TEXT,.product-detail .vendor-item .type-TITLE,.product-detail .vendor-item .type-UNDEFINED{color:#333;font-size:16px;margin-bottom:40px}.product-detail .vendor-item .type-IMAGE_IMAGE img,.product-detail .vendor-item .type-IMAGE_NO_SPACE img,.product-detail .vendor-item .type-IMAGE_TEXT img,.product-detail .vendor-item .type-IMAGE img,.product-detail .vendor-item .type-PRODUCT_COMMON_TEXT img,.product-detail .vendor-item .type-TEXT_IMAGE img,.product-detail .vendor-item .type-TEXT_TEXT img,.product-detail .vendor-item .type-TEXT img,.product-detail .vendor-item .type-TITLE img,.product-detail .vendor-item .type-UNDEFINED img{max-width:100%;width:auto}.product-detail .vendor-item .type-IMAGE_IMAGE hr,.product-detail .vendor-item .type-IMAGE_NO_SPACE hr,.product-detail .vendor-item .type-IMAGE_TEXT hr,.product-detail .vendor-item .type-IMAGE hr,.product-detail .vendor-item .type-PRODUCT_COMMON_TEXT hr,.product-detail .vendor-item .type-TEXT_IMAGE hr,.product-detail .vendor-item .type-TEXT_TEXT hr,.product-detail .vendor-item .type-TEXT hr,.product-detail .vendor-item .type-TITLE hr,.product-detail .vendor-item .type-UNDEFINED hr{height:15px;border-bottom:1px dotted #d2d2d2;font-size:0;line-height:0}.product-detail .vendor-item .type-IMAGE>div,.product-detail .vendor-item .type-IMAGE_IMAGE>div,.product-detail .vendor-item .type-IMAGE_NO_SPACE>div,.product-detail .vendor-item .type-IMAGE_TEXT>div,.product-detail .vendor-item .type-PRODUCT_COMMON_TEXT>div,.product-detail .vendor-item .type-TEXT>div,.product-detail .vendor-item .type-TEXT_IMAGE>div,.product-detail .vendor-item .type-TEXT_TEXT>div,.product-detail .vendor-item .type-TITLE>div,.product-detail .vendor-item .type-UNDEFINED>div{clear:both;line-height:1.5;font-size:1em}.product-detail .vendor-item .type-IMAGE>div:after,.product-detail .vendor-item .type-IMAGE_IMAGE>div:after,.product-detail .vendor-item .type-IMAGE_NO_SPACE>div:after,.product-detail .vendor-item .type-IMAGE_TEXT>div:after,.product-detail .vendor-item .type-PRODUCT_COMMON_TEXT>div:after,.product-detail .vendor-item .type-TEXT>div:after,.product-detail .vendor-item .type-TEXT_IMAGE>div:after,.product-detail .vendor-item .type-TEXT_TEXT>div:after,.product-detail .vendor-item .type-TITLE>div:after,.product-detail .vendor-item .type-UNDEFINED>div:after{content:"";display:block;height:0;clear:both}.product-detail .vendor-item .type-IMAGE_IMAGE table,.product-detail .vendor-item .type-IMAGE_NO_SPACE table,.product-detail .vendor-item .type-IMAGE_TEXT table,.product-detail .vendor-item .type-IMAGE table,.product-detail .vendor-item .type-PRODUCT_COMMON_TEXT table,.product-detail .vendor-item .type-TEXT_IMAGE table,.product-detail .vendor-item .type-TEXT_TEXT table,.product-detail .vendor-item .type-TEXT table,.product-detail .vendor-item .type-TITLE table,.product-detail .vendor-item .type-UNDEFINED table{width:100%!important;border-collapse:collapse;border-top:2px solid #464646;border-bottom:2px solid #c2c2c2;table-layout:auto;text-align:justify}.product-detail .vendor-item .type-IMAGE_IMAGE table li,.product-detail .vendor-item .type-IMAGE_NO_SPACE table li,.product-detail .vendor-item .type-IMAGE_TEXT table li,.product-detail .vendor-item .type-IMAGE table li,.product-detail .vendor-item .type-PRODUCT_COMMON_TEXT table li,.product-detail .vendor-item .type-TEXT_IMAGE table li,.product-detail .vendor-item .type-TEXT_TEXT table li,.product-detail .vendor-item .type-TEXT table li,.product-detail .vendor-item .type-TITLE table li,.product-detail .vendor-item .type-UNDEFINED table li{padding-left:13px;background-position:6px 10px}.product-detail .vendor-item .type-IMAGE_IMAGE table td,.product-detail .vendor-item .type-IMAGE_NO_SPACE table td,.product-detail .vendor-item .type-IMAGE_TEXT table td,.product-detail .vendor-item .type-IMAGE table td,.product-detail .vendor-item .type-PRODUCT_COMMON_TEXT table td,.product-detail .vendor-item .type-TEXT_IMAGE table td,.product-detail .vendor-item .type-TEXT_TEXT table td,.product-detail .vendor-item .type-TEXT table td,.product-detail .vendor-item .type-TITLE table td,.product-detail .vendor-item .type-UNDEFINED table td{border-left:0;padding:5px 5px 5px 8px;line-height:18px;letter-spacing:-1px;font-size:1em}.product-detail .vendor-item .type-IMAGE_IMAGE table td:first-child,.product-detail .vendor-item .type-IMAGE_NO_SPACE table td:first-child,.product-detail .vendor-item .type-IMAGE_TEXT table td:first-child,.product-detail .vendor-item .type-IMAGE table td:first-child,.product-detail .vendor-item .type-PRODUCT_COMMON_TEXT table td:first-child,.product-detail .vendor-item .type-TEXT_IMAGE table td:first-child,.product-detail .vendor-item .type-TEXT_TEXT table td:first-child,.product-detail .vendor-item .type-TEXT table td:first-child,.product-detail .vendor-item .type-TITLE table td:first-child,.product-detail .vendor-item .type-UNDEFINED table td:first-child{width:20%;padding:5px;border-right:0}.product-detail .vendor-item .type-IMAGE_IMAGE table td:last-child,.product-detail .vendor-item .type-IMAGE_NO_SPACE table td:last-child,.product-detail .vendor-item .type-IMAGE_TEXT table td:last-child,.product-detail .vendor-item .type-IMAGE table td:last-child,.product-detail .vendor-item .type-PRODUCT_COMMON_TEXT table td:last-child,.product-detail .vendor-item .type-TEXT_IMAGE table td:last-child,.product-detail .vendor-item .type-TEXT_TEXT table td:last-child,.product-detail .vendor-item .type-TEXT table td:last-child,.product-detail .vendor-item .type-TITLE table td:last-child,.product-detail .vendor-item .type-UNDEFINED table td:last-child{white-space:normal}.product-detail .vendor-item .type-IMAGE_IMAGE li,.product-detail .vendor-item .type-IMAGE_NO_SPACE li,.product-detail .vendor-item .type-IMAGE_TEXT li,.product-detail .vendor-item .type-IMAGE li,.product-detail .vendor-item .type-PRODUCT_COMMON_TEXT li,.product-detail .vendor-item .type-TEXT_IMAGE li,.product-detail .vendor-item .type-TEXT_TEXT li,.product-detail .vendor-item .type-TEXT li,.product-detail .vendor-item .type-TITLE li,.product-detail .vendor-item .type-UNDEFINED li{line-height:1.5;padding:1px 0 1px 9px;font-size:1em;background:no-repeat 1px 9px url(data:image/png;base64,iVBORw0KGgoAAAANSUhEUgAAAAQAAAAEAQMAAACTPww9AAAABlBMVEX///8AAABVwtN+AAAAAXRSTlMAQObYZgAAAA5JREFUeF5jSGD4AIQJAAqIAqEi1nJaAAAAAElFTkSuQmCC);background-size:3px auto}.product-detail .vendor-item .type-IMAGE_IMAGE li span,.product-detail .vendor-item .type-IMAGE_NO_SPACE li span,.product-detail .vendor-item .type-IMAGE_TEXT li span,.product-detail .vendor-item .type-IMAGE li span,.product-detail .vendor-item .type-PRODUCT_COMMON_TEXT li span,.product-detail .vendor-item .type-TEXT_IMAGE li span,.product-detail .vendor-item .type-TEXT_TEXT li span,.product-detail .vendor-item .type-TEXT li span,.product-detail .vendor-item .type-TITLE li span,.product-detail .vendor-item .type-UNDEFINED li span{line-height:1.5!important}.product-detail .vendor-item .type-IMAGE_IMAGE ol,.product-detail .vendor-item .type-IMAGE_NO_SPACE ol,.product-detail .vendor-item .type-IMAGE_TEXT ol,.product-detail .vendor-item .type-IMAGE ol,.product-detail .vendor-item .type-PRODUCT_COMMON_TEXT ol,.product-detail .vendor-item .type-TEXT_IMAGE ol,.product-detail .vendor-item .type-TEXT_TEXT ol,.product-detail .vendor-item .type-TEXT ol,.product-detail .vendor-item .type-TITLE ol,.product-detail .vendor-item .type-UNDEFINED ol{padding-left:35px}.product-detail .vendor-item .type-IMAGE_IMAGE ol li,.product-detail .vendor-item .type-IMAGE_NO_SPACE ol li,.product-detail .vendor-item .type-IMAGE_TEXT ol li,.product-detail .vendor-item .type-IMAGE ol li,.product-detail .vendor-item .type-PRODUCT_COMMON_TEXT ol li,.product-detail .vendor-item .type-TEXT_IMAGE ol li,.product-detail .vendor-item .type-TEXT_TEXT ol li,.product-detail .vendor-item .type-TEXT ol li,.product-detail .vendor-item .type-TITLE ol li,.product-detail .vendor-item .type-UNDEFINED ol li{padding-left:0;background:none;list-style:outside decimal;text-indent:-3px}.product-detail .vendor-item .type-IMAGE_IMAGE h5,.product-detail .vendor-item .type-IMAGE_NO_SPACE h5,.product-detail .vendor-item .type-IMAGE_TEXT h5,.product-detail .vendor-item .type-IMAGE h5,.product-detail .vendor-item .type-PRODUCT_COMMON_TEXT h5,.product-detail .vendor-item .type-TEXT_IMAGE h5,.product-detail .vendor-item .type-TEXT_TEXT h5,.product-detail .vendor-item .type-TEXT h5,.product-detail .vendor-item .type-TITLE h5,.product-detail .vendor-item .type-UNDEFINED h5{font-weight:400}.product-detail .vendor-item .type-IMAGE_IMAGE h3,.product-detail .vendor-item .type-IMAGE_NO_SPACE h3,.product-detail .vendor-item .type-IMAGE_TEXT h3,.product-detail .vendor-item .type-IMAGE h3,.product-detail .vendor-item .type-PRODUCT_COMMON_TEXT h3,.product-detail .vendor-item .type-TEXT_IMAGE h3,.product-detail .vendor-item .type-TEXT_TEXT h3,.product-detail .vendor-item .type-TEXT h3,.product-detail .vendor-item .type-TITLE h3,.product-detail .vendor-item .type-UNDEFINED h3{background:none}.product-detail .vendor-item .type-IMAGE_IMAGE h1,.product-detail .vendor-item .type-IMAGE_NO_SPACE h1,.product-detail .vendor-item .type-IMAGE_TEXT h1,.product-detail .vendor-item .type-IMAGE h1,.product-detail .vendor-item .type-PRODUCT_COMMON_TEXT h1,.product-detail .vendor-item .type-TEXT_IMAGE h1,.product-detail .vendor-item .type-TEXT_TEXT h1,.product-detail .vendor-item .type-TEXT h1,.product-detail .vendor-item .type-TITLE h1,.product-detail .vendor-item .type-UNDEFINED h1{font-size:30px;line-height:1.3}.product-detail .vendor-item .type-IMAGE:after,.product-detail .vendor-item .type-IMAGE_IMAGE:after,.product-detail .vendor-item .type-IMAGE_TEXT:after,.product-detail .vendor-item .type-PRODUCT_COMMON_TEXT:after,.product-detail .vendor-item .type-TEXT:after,.product-detail .vendor-item .type-TEXT_IMAGE:after,.product-detail .vendor-item .type-TEXT_TEXT:after,.product-detail .vendor-item .type-TITLE:after,.product-detail .vendor-item .type-UNDEFINED:after{content:"";display:block;clear:both;height:1px}.product-detail .vendor-item .type-TITLE{padding-top:15px;margin-bottom:13px;line-height:16px;font-size:16px;font-weight:700;color:#333;letter-spacing:-1px}.product-detail .vendor-item .type-TEXT_TEXT .subType-TEXT{float:right;width:48%;padding:0 1%}.product-detail .vendor-item .type-TEXT_TEXT .subType-TEXT:first-child{float:left}.product-detail .vendor-item .type-TEXT_TEXT .subType-IMAGE{float:left;width:305px;border:1px solid #ddd;margin:0 12px 12px 0}.product-detail .vendor-item .type-IMAGE .subType-IMAGE{width:780px;margin:0 auto}.product-detail .vendor-item .type-IMAGE_IMAGE .subType-IMAGE{float:right;width:308px}.product-detail .vendor-item .type-IMAGE_IMAGE .subType-IMAGE:first-child{float:left}.product-detail .vendor-item .type-TEXT_IMAGE .subType-IMAGE{float:right;width:305px;border:1px solid #ddd;margin:0 0 12px 12px}.product-detail .vendor-item .type-IMAGE_NO_SPACE{margin:0}.product-detail .vendor-item .type-IMAGE_NO_SPACE .subType-IMAGE{width:780px;margin:0 auto}.product-detail .vendor-item .type-IMAGE_NO_SPACE img{margin:0!important;width:100%}.product-detail .vendor-item .type-IMAGE_NO_SPACE img.lazy-img{margin:0 auto!important}.product-detail .vendor-item .type-IMAGE_TEXT .subType-IMAGE img,.product-detail .vendor-item .type-PRODUCT_COMMON_TEXT .subType-IMAGE img,.product-detail .vendor-item .type-TEXT .subType-IMAGE img,.product-detail .vendor-item .type-TEXT_TEXT .subType-IMAGE img,.product-detail .vendor-item .type-TITLE .subType-IMAGE img,.product-detail .vendor-item .type-UNDEFINED .subType-IMAGE img{margin-bottom:4px;width:auto}.product-detail .vendor-item .type-IMAGE .subType-TEXT,.product-detail .vendor-item .type-IMAGE_IMAGE .subType-TEXT,.product-detail .vendor-item .type-IMAGE_NO_SPACE .subType-TEXT,.product-detail .vendor-item .type-IMAGE_TEXT .subType-TEXT,.product-detail .vendor-item .type-PRODUCT_COMMON_TEXT .subType-TEXT,.product-detail .vendor-item .type-TEXT .subType-TEXT,.product-detail .vendor-item .type-TEXT_IMAGE .subType-TEXT,.product-detail .vendor-item .type-TITLE .subType-TEXT,.product-detail .vendor-item .type-UNDEFINED .subType-TEXT{line-height:1.5;word-break:keep-all;letter-spacing:-1px}.product-detail .vendor-item .type-IMAGE .subType-TEXT>br,.product-detail .vendor-item .type-IMAGE_IMAGE .subType-TEXT>br,.product-detail .vendor-item .type-IMAGE_NO_SPACE .subType-TEXT>br,.product-detail .vendor-item .type-IMAGE_TEXT .subType-TEXT>br,.product-detail .vendor-item .type-PRODUCT_COMMON_TEXT .subType-TEXT>br,.product-detail .vendor-item .type-TEXT .subType-TEXT>br,.product-detail .vendor-item .type-TEXT_IMAGE .subType-TEXT>br,.product-detail .vendor-item .type-TITLE .subType-TEXT>br,.product-detail .vendor-item .type-UNDEFINED .subType-TEXT>br{display:none}.product-detail .product-detail-content-new{font-size:16px/*! normalize.css v3.0.0 | MIT License | git.io/normalize */}.product-detail .product-detail-content-new article,.product-detail .product-detail-content-new aside,.product-detail .product-detail-content-new details,.product-detail .product-detail-content-new figcaption,.product-detail .product-detail-content-new figure,.product-detail .product-detail-content-new footer,.product-detail .product-detail-content-new header,.product-detail .product-detail-content-new hgroup,.product-detail .product-detail-content-new main,.product-detail .product-detail-content-new nav,.product-detail .product-detail-content-new section,.product-detail .product-detail-content-new summary{display:block}.product-detail .product-detail-content-new audio,.product-detail .product-detail-content-new canvas,.product-detail .product-detail-content-new progress,.product-detail .product-detail-content-new video{display:inline-block;vertical-align:baseline}.product-detail .product-detail-content-new audio:not([controls]){display:none;height:0}.product-detail .product-detail-content-new [hidden],.product-detail .product-detail-content-new template{display:none}.product-detail .product-detail-content-new a{background:transparent}.product-detail .product-detail-content-new a:active,.product-detail .product-detail-content-new a:hover{outline:0}.product-detail .product-detail-content-new abbr[title]{border-bottom:1px dotted}.product-detail .product-detail-content-new b,.product-detail .product-detail-content-new strong{font-weight:700}.product-detail .product-detail-content-new dfn{font-style:italic}.product-detail .product-detail-content-new h1{font-size:2em;margin:.67em 0}.product-detail .product-detail-content-new mark{background:#ff0;color:#000}.product-detail .product-detail-content-new small{font-size:80%}.product-detail .product-detail-content-new sub,.product-detail .product-detail-content-new sup{font-size:75%;line-height:0;position:relative;vertical-align:baseline}.product-detail .product-detail-content-new sup{top:-.5em}.product-detail .product-detail-content-new sub{bottom:-.25em}.product-detail .product-detail-content-new img{border:0}.product-detail .product-detail-content-new figure{margin:1em 40px}.product-detail .product-detail-content-new hr{-moz-box-sizing:content-box;box-sizing:content-box;height:0}.product-detail .product-detail-content-new pre{overflow:auto}.product-detail .product-detail-content-new code,.product-detail .product-detail-content-new kbd,.product-detail .product-detail-content-new pre,.product-detail .product-detail-content-new samp{font-family:monospace,monospace;font-size:1em}.product-detail .product-detail-content-new button,.product-detail .product-detail-content-new input,.product-detail .product-detail-content-new optgroup,.product-detail .product-detail-content-new select,.product-detail .product-detail-content-new textarea{color:inherit;font:inherit;margin:0}.product-detail .product-detail-content-new button{overflow:visible}.product-detail .product-detail-content-new button,.product-detail .product-detail-content-new select{text-transform:none}.product-detail .product-detail-content-new button,.product-detail .product-detail-content-new html input[type=button],.product-detail .product-detail-content-new input[type=reset],.product-detail .product-detail-content-new input[type=submit]{-webkit-appearance:button;cursor:pointer}.product-detail .product-detail-content-new button[disabled],.product-detail .product-detail-content-new html input[disabled]{cursor:default}.product-detail .product-detail-content-new button::-moz-focus-inner,.product-detail .product-detail-content-new input::-moz-focus-inner{border:0;padding:0}.product-detail .product-detail-content-new input{line-height:normal}.product-detail .product-detail-content-new input[type=checkbox],.product-detail .product-detail-content-new input[type=radio]{box-sizing:border-box;padding:0}.product-detail .product-detail-content-new input[type=number]::-webkit-inner-spin-button,.product-detail .product-detail-content-new input[type=number]::-webkit-outer-spin-button{height:auto}.product-detail .product-detail-content-new input[type=search]{-webkit-appearance:textfield;-moz-box-sizing:content-box;-webkit-box-sizing:content-box;box-sizing:content-box}.product-detail .product-detail-content-new input[type=search]::-webkit-search-cancel-button,.product-detail .product-detail-content-new input[type=search]::-webkit-search-decoration{-webkit-appearance:none}.product-detail .product-detail-content-new table{border-collapse:collapse;border-spacing:0}.product-detail .product-detail-content-new td,.product-detail .product-detail-content-new th{padding:0}.product-detail .product-detail-content-new figure{margin:0}.product-detail .product-detail-content-new img{vertical-align:middle}.product-detail .product-detail-content-new *,.product-detail .product-detail-content-new :after,.product-detail .product-detail-content-new :before{-webkit-box-sizing:border-box;-moz-box-sizing:border-box;box-sizing:border-box}.product-detail .product-detail-content-new hr{margin-top:20px;margin-bottom:20px;border:0;border-top:1px solid #eee}.product-detail .product-detail-content-new .h1,.product-detail .product-detail-content-new .h2,.product-detail .product-detail-content-new .h3,.product-detail .product-detail-content-new .h4,.product-detail .product-detail-content-new .h5,.product-detail .product-detail-content-new .h6,.product-detail .product-detail-content-new h1,.product-detail .product-detail-content-new h2,.product-detail .product-detail-content-new h3,.product-detail .product-detail-content-new h4,.product-detail .product-detail-content-new h5,.product-detail .product-detail-content-new h6{font-family:inherit;font-weight:500;line-height:1.1;color:inherit}.product-detail .product-detail-content-new .h1,.product-detail .product-detail-content-new .h2,.product-detail .product-detail-content-new .h3,.product-detail .product-detail-content-new h1,.product-detail .product-detail-content-new h2,.product-detail .product-detail-content-new h3{margin-top:20px;margin-bottom:10px}.product-detail .product-detail-content-new .h1 .small,.product-detail .product-detail-content-new .h1 small,.product-detail .product-detail-content-new .h2 .small,.product-detail .product-detail-content-new .h2 small,.product-detail .product-detail-content-new .h3 .small,.product-detail .product-detail-content-new .h3 small,.product-detail .product-detail-content-new h1 .small,.product-detail .product-detail-content-new h1 small,.product-detail .product-detail-content-new h2 .small,.product-detail .product-detail-content-new h2 small,.product-detail .product-detail-content-new h3 .small,.product-detail .product-detail-content-new h3 small{font-size:65%}.product-detail .product-detail-content-new .h4,.product-detail .product-detail-content-new .h5,.product-detail .product-detail-content-new .h6,.product-detail .product-detail-content-new h4,.product-detail .product-detail-content-new h5,.product-detail .product-detail-content-new h6{margin-top:10px;margin-bottom:10px}.product-detail .product-detail-content-new .h4 .small,.product-detail .product-detail-content-new .h4 small,.product-detail .product-detail-content-new .h5 .small,.product-detail .product-detail-content-new .h5 small,.product-detail .product-detail-content-new .h6 .small,.product-detail .product-detail-content-new .h6 small,.product-detail .product-detail-content-new h4 .small,.product-detail .product-detail-content-new h4 small,.product-detail .product-detail-content-new h5 .small,.product-detail .product-detail-content-new h5 small,.product-detail .product-detail-content-new h6 .small,.product-detail .product-detail-content-new h6 small{font-size:75%}.product-detail .product-detail-content-new .h1,.product-detail .product-detail-content-new h1{font-size:36px}.product-detail .product-detail-content-new .h2,.product-detail .product-detail-content-new h2{font-size:30px}.product-detail .product-detail-content-new .h3,.product-detail .product-detail-content-new h3{font-size:24px}.product-detail .product-detail-content-new .h4,.product-detail .product-detail-content-new h4{font-size:18px}.product-detail .product-detail-content-new .h5,.product-detail .product-detail-content-new h5{font-size:14px}.product-detail .product-detail-content-new .h6,.product-detail .product-detail-content-new h6{font-size:12px}.product-detail .product-detail-content-new p{margin:0 0 10px}.product-detail .product-detail-content-new .small,.product-detail .product-detail-content-new small{font-size:85%}.product-detail .product-detail-content-new cite{font-style:normal}.product-detail .product-detail-content-new ol,.product-detail .product-detail-content-new ul{margin-top:0;margin-bottom:10px}.product-detail .product-detail-content-new ol ol,.product-detail .product-detail-content-new ol ul,.product-detail .product-detail-content-new ul ol,.product-detail .product-detail-content-new ul ul{margin-bottom:0}.product-detail .product-detail-content-new dl{margin-top:0;margin-bottom:20px}.product-detail .product-detail-content-new dd,.product-detail .product-detail-content-new dt{line-height:1.42857143}.product-detail .product-detail-content-new dt{font-weight:700}.product-detail .product-detail-content-new dd{margin-left:0}.product-detail .product-detail-content-new abbr[data-original-title],.product-detail .product-detail-content-new abbr[title]{cursor:help;border-bottom:1px dotted #999}.product-detail .product-detail-content-new blockquote{padding:10px 20px;margin:0 0 20px;font-size:17.5px;border-left:5px solid #eee}.product-detail .product-detail-content-new blockquote ol:last-child,.product-detail .product-detail-content-new blockquote p:last-child,.product-detail .product-detail-content-new blockquote ul:last-child{margin-bottom:0}.product-detail .product-detail-content-new blockquote .small,.product-detail .product-detail-content-new blockquote footer,.product-detail .product-detail-content-new blockquote small{display:block;font-size:80%;line-height:1.42857143;color:#999}.product-detail .product-detail-content-new blockquote .small:before,.product-detail .product-detail-content-new blockquote footer:before,.product-detail .product-detail-content-new blockquote small:before{content:"\2014   \A0"}.product-detail .product-detail-content-new table{max-width:100%;background-color:transparent}.product-detail .product-detail-content-new th{text-align:left}.product-detail .product-detail-content-new fieldset{min-width:0;padding:0;margin:0;border:0}.product-detail .product-detail-content-new legend{display:block;width:100%;padding:0;margin-bottom:20px;font-size:21px;line-height:inherit;color:#333;border:0;border-bottom:1px solid #e5e5e5}.product-detail .product-detail-content-new label{display:inline-block;margin-bottom:5px;font-weight:700}.product-detail .product-detail-content-new dd,.product-detail .product-detail-content-new dl,.product-detail .product-detail-content-new dt,.product-detail .product-detail-content-new li,.product-detail .product-detail-content-new menu,.product-detail .product-detail-content-new ol,.product-detail .product-detail-content-new ul{list-style:circle}.product-detail .product-detail-content-new ol,.product-detail .product-detail-content-new ul{padding-left:20px}.product-detail .product-detail-content-new .subType-IMAGE{width:780px;margin:0 auto}.product-detail .product-detail-content-new .type-IMAGE,.product-detail .product-detail-content-new .type-IMAGE_IMAGE,.product-detail .product-detail-content-new .type-IMAGE_NO_SPACE,.product-detail .product-detail-content-new .type-IMAGE_TEXT,.product-detail .product-detail-content-new .type-PRODUCT_COMMON_TEXT,.product-detail .product-detail-content-new .type-TEXT,.product-detail .product-detail-content-new .type-TEXT_IMAGE,.product-detail .product-detail-content-new .type-TEXT_TEXT,.product-detail .product-detail-content-new .type-TITLE,.product-detail .product-detail-content-new .type-UNDEFINED{margin-bottom:40px}.product-detail .product-detail-content-new .type-IMAGE>div:after,.product-detail .product-detail-content-new .type-IMAGE_IMAGE>div:after,.product-detail .product-detail-content-new .type-IMAGE_NO_SPACE>div:after,.product-detail .product-detail-content-new .type-IMAGE_TEXT>div:after,.product-detail .product-detail-content-new .type-PRODUCT_COMMON_TEXT>div:after,.product-detail .product-detail-content-new .type-TEXT>div:after,.product-detail .product-detail-content-new .type-TEXT_IMAGE>div:after,.product-detail .product-detail-content-new .type-TEXT_TEXT>div:after,.product-detail .product-detail-content-new .type-TITLE>div:after,.product-detail .product-detail-content-new .type-UNDEFINED>div:after{content:"";display:block;clear:both}.product-detail .product-detail-content-new .type-TEXT iframe{display:block;margin:auto}.product-detail .product-detail-content-new .type-TITLE{margin:15px 0;line-height:16px;font-weight:700;color:#333}.product-detail .product-detail-content-new .type-IMAGE_NO_SPACE{margin:0}.product-detail .product-detail-content-new .fanatics-size-chart{font-size:12px;overflow-x:auto;white-space:nowrap;margin:10px 0}.product-detail .product-detail-content-new .fanatics-size-chart>header{color:#686868;padding:10px 0}.product-detail .product-detail-content-new .fanatics-size-chart>table{white-space:nowrap;border:0;border-collapse:collapse;border-spacing:0}.product-detail .product-detail-content-new .fanatics-size-chart table>thead>tr{background-color:#1b1b1b;color:#fff}.product-detail .product-detail-content-new .fanatics-size-chart table>tbody>tr>th,.product-detail .product-detail-content-new .fanatics-size-chart table>thead>tr>th{padding:.5rem!important;text-align:center;font-weight:400;white-space:nowrap;font-size:1rem;width:7.8125rem}.product-detail .product-detail-content-new .fanatics-size-chart table>tbody>tr:nth-child(odd){background-color:#f5f6f8}.product-detail .product-detail-content-new .fanatics-size-chart table>tbody>tr>td{padding:.5rem!important;text-align:center;white-space:nowrap;min-width:1rem}
  </style>
  <style type="text/css">
   .rds-button{box-sizing:border-box;display:inline-block;vertical-align:middle}.rds-button button{background-color:transparent;border-radius:4px;border-style:none;border-width:0;display:block;display:flex;height:100%;justify-content:space-around;margin:0;max-width:328px;min-width:60px;outline:none;padding:0;text-align:center;vertical-align:middle;width:100%}.rds-button--block{display:block}.rds-button--block button{max-width:inherit}.rds-button-list{display:flex;width:100%}.rds-button-list .rds-button{flex:1 auto}.rds-button-list .rds-button:not(:last-child){margin-right:6px}.rds-button-list .rds-button--lg:not(:last-child){margin-right:8px}.rds-button--sm button{font-size:12px;height:26px}.rds-button--md button,.rds-button--sm button{font-weight:700;padding-left:8px;padding-right:8px}.rds-button--md button{font-size:14px;height:32px}.rds-button--lg button{font-size:14px;height:38px}.rds-button--lg button,.rds-button--xl button{font-weight:700;padding-left:10px;padding-right:10px}.rds-button--xl button{font-size:16px;height:44px}.rds-button--fill-blue-normal button{fill:#fff;background-color:#346aff;color:#fff}.rds-button--fill-blue-completed button{fill:#454f5b;background-color:#eaedf0;color:#454f5b}.rds-button--fill-blue-disabled{pointer-events:none}.rds-button--fill-blue-disabled button{fill:#aab5c0;background-color:#f1f4f6;color:#aab5c0}.rds-button--outline-blue-normal button{fill:#346aff;background-color:#fff;border:1px solid #346aff;color:#346aff}.rds-button--outline-blue-completed button{fill:#454f5b;background-color:#fff;border:1px solid #919eab;color:#454f5b}.rds-button--outline-blue-disabled{pointer-events:none}.rds-button--outline-blue-disabled button{fill:#aab5c0;background-color:#fff;border:1px solid #c4cdd5;color:#aab5c0}.rds-button--outline-bluegray-completed button,.rds-button--outline-bluegray-normal button{fill:#454f5b;background-color:#fff;border:1px solid #919eab;color:#454f5b}.rds-button--outline-bluegray-disabled{pointer-events:none}.rds-button--outline-bluegray-disabled button{fill:#aab5c0;background-color:#fff;border:1px solid #c4cdd5;color:#aab5c0}.rds-button--tint-blue-normal button{fill:#346aff;background-color:#eaf0ff;color:#346aff}.rds-button--tint-blue-completed button{fill:#454f5b;background-color:#eaedf0;color:#454f5b}.rds-button--tint-blue-disabled{pointer-events:none}.rds-button--tint-blue-disabled button{fill:#aab5c0;background-color:#eaedf0;color:#aab5c0}.rds-button--tint-bluegray-completed button,.rds-button--tint-bluegray-normal button{fill:#454f5b;background-color:#eaedf0;color:#454f5b}.rds-button--tint-bluegray-disabled{pointer-events:none}.rds-button--tint-bluegray-disabled button{fill:#aab5c0;background-color:#f1f4f6;color:#aab5c0}.rds-text-button{box-sizing:border-box;display:inline-block;vertical-align:middle}.rds-text-button button{background-color:transparent;border-radius:4px;border-style:none;border-width:0;color:inherit;display:block;height:100%;margin:0;max-width:328px;outline:none;padding:0;text-align:center;vertical-align:middle;width:100%}.rds-button-list .rds-text-button{flex:1 auto}.rds-button-list .rds-text-button:not(:last-child){margin-right:16px}.rds-button-list .rds-text-button--xs:not(:last-child){margin-right:12px}.rds-text-button--xs button{font-size:12px;height:26px}.rds-text-button--sm button{font-size:14px}.rds-text-button--md button{font-size:16px;height:32px}.rds-text-button--normal{fill:#346aff;color:#346aff}.rds-text-button--completed{fill:#454f5b;color:#454f5b}.rds-text-button--disabled{fill:#aab5c0;color:#aab5c0;pointer-events:none}.rds-circle-button{box-sizing:border-box;display:inline-block;vertical-align:middle}.rds-circle-button button{align-items:center;background-color:#fff;border-radius:4px;border-style:none;border-width:0;box-shadow:0 0 6px rgba(0,0,0,.1),0 0 2px rgba(0,0,0,.05);display:block;display:flex;height:100%;justify-content:center;margin:0;outline:none;padding:0;vertical-align:middle;width:100%}.rds-circle-button__text{font-size:9px;overflow:hidden;text-overflow:ellipsis;white-space:nowrap;width:100%}.rds-circle-button--lg button{border-radius:9999px;font-size:16px;height:38px;padding:0 9.5px;width:38px}.rds-circle-button--xl button{border-radius:9999px;font-size:16px;height:44px;padding:0 11px;width:44px}.rds-circle-button--fill-blue-normal button{fill:#346aff;color:#346aff}.rds-circle-button--fill-blue-completed button{fill:#212b36;color:#212b36}.rds-circle-button--fill-blue-disabled{pointer-events:none}.rds-circle-button--fill-blue-disabled button{fill:#aab5c0;color:#aab5c0}.rds-content{position:relative;display:flex;height:100%;align-items:center}.rds-content__content{white-space:nowrap;overflow:hidden;text-overflow:ellipsis}.rds-content__prefix{margin-right:4px;line-height:0}.rds-content__suffix{margin-left:2px;line-height:0}.rds-content__text{vertical-align:text-bottom}.ba{border:1px solid}.b-gray-400{border-color:#ccc!important}.gray-400{color:#ccc!important}.gray-500{color:#aaa!important}.gray-600{color:#777!important}.gray-700{color:#666!important}.gray-800{color:#333!important}.blue-gray-900{color:#212b36!important}.blue-gray-800{color:#454f5b!important}.blue-gray-700{color:#637381!important}.blue-gray-600{color:#768695!important}.b-blue-gray-200{border-color:#dfe3e8!important}.bg-blue-gray-100{background-color:#f1f4f6!important}.black{color:#000!important}.rds-popup{align-items:center;display:flex;height:100%;justify-content:center;left:0;opacity:0;pointer-events:none;position:fixed;top:0;width:100%;z-index:999}.rds-popup__mask{background-color:#111;bottom:-100%;left:0;opacity:.5;pointer-events:all;position:fixed;right:-100%;top:0}.rds-popup--visible{animation:fadeIn1 .3s linear both}.rds-popup--visible .rds-popup__wrapper{animation:fadeIn .3s linear both}.rds-popup--hidden,.rds-popup--hidden .rds-popup__mask{animation:fadeOut1 .2s linear both}.rds-popup--hidden .rds-popup__wrapper{animation:fadeOut .2s linear both}.rds-popup__wrapper{box-sizing:border-box;background-color:#fff;border-radius:4px;display:flex;flex-direction:column;margin-left:24px;margin-right:24px;min-height:160px;opacity:0;padding-bottom:20px;padding-top:16px;pointer-events:all;position:relative;max-height:90%;width:100%}.rds-popup__header{align-items:center;display:flex;justify-content:space-between;padding-bottom:16px;padding-left:20px;padding-right:20px}.rds-popup__header__title{flex:1 1 auto;font-size:17px;font-weight:700;line-height:21px;min-height:0;min-width:0;color:#212b36;padding-right:16px;overflow:hidden;text-overflow:ellipsis;display:-webkit-box;/*!autoprefixer:off*/-webkit-box-orient:vertical;-webkit-line-clamp:2}.rds-popup__header__icon{align-self:flex-start;cursor:pointer;flex-shrink:0;font-size:20px;line-height:0}.rds-popup__header--hidden{display:none}.rds-popup__header--border{border-bottom:1px solid;border-color:#dfe3e8}.rds-popup__content{flex:1 1 auto;min-height:0;min-width:0;overflow:auto;padding-left:20px;padding-right:20px}.rds-popup__footer{align-items:center;display:flex;margin-top:16px;padding-left:20px;padding-right:20px}@keyframes fadeIn{0%{opacity:0;transform:scale(.95)}80%{opacity:1;transform:scale(1)}to{opacity:1}}@keyframes fadeOut{0%{opacity:1}99%{transform:scale(1)}to{opacity:0;transform:scale(0)}}@keyframes fadeIn1{0%{opacity:0}to{opacity:1}}@keyframes fadeOut1{0%{opacity:0}99%{transform:scale(1)}to{opacity:0;transform:scale(0)}}.rds-icon{fill:currentColor;box-sizing:content-box!important;box-sizing:content-box;contain:strict;display:inline-block;height:1em;width:1em}.rds-icon__inner,.rds-icon svg{display:block;height:100%;width:100%}.flex{display:flex}.flex-inline{display:inline-flex}.flex-auto{flex:1 1 auto;min-width:0;min-height:0}.flex-none{flex:none}.flex-column{flex-direction:column}.flex-row{flex-direction:row}.flex-wrap{flex-wrap:wrap}.flex-nowrap{flex-wrap:nowrap}.flex-wrap-reverse{flex-wrap:wrap-reverse}.flex-column-reverse{flex-direction:column-reverse}.flex-row-reverse{flex-direction:row-reverse}.items-start{align-items:flex-start}.items-end{align-items:flex-end}.items-center{align-items:center}.items-baseline{align-items:baseline}.items-stretch{align-items:stretch}.self-start{align-self:flex-start}.self-end{align-self:flex-end}.self-center{align-self:center}.self-baseline{align-self:baseline}.self-stretch{align-self:stretch}.justify-start{justify-content:flex-start}.justify-end{justify-content:flex-end}.justify-center{justify-content:center}.justify-between{justify-content:space-between}.justify-around{justify-content:space-around}.justify-stretch{justify-content:stretch}.content-start{align-content:flex-start}.content-end{align-content:flex-end}.content-center{align-content:center}.content-between{align-content:space-between}.content-around{align-content:space-around}.content-stretch{align-content:stretch}.order-0{order:0}.order-1{order:1}.order-2{order:2}.order-3{order:3}.order-4{order:4}.order-5{order:5}.order-6{order:6}.order-7{order:7}.order-8{order:8}.order-last{order:99999}.flex-grow-0{flex-grow:0}.flex-grow-1{flex-grow:1}.flex-shrink-0{flex-shrink:0}.flex-shrink-1{flex-shrink:1}.m5a0{margin:0}.m5l0{margin-left:0}.m5r0{margin-right:0}.m5b0{margin-bottom:0}.m5t0,.m5v0{margin-top:0}.m5v0{margin-bottom:0}.m5h0{margin-left:0;margin-right:0}.m5a1{margin:5px}.m5l1{margin-left:5px}.m5r1{margin-right:5px}.m5b1{margin-bottom:5px}.m5t1,.m5v1{margin-top:5px}.m5v1{margin-bottom:5px}.m5h1{margin-left:5px;margin-right:5px}.m5a2{margin:10px}.m5l2{margin-left:10px}.m5r2{margin-right:10px}.m5b2{margin-bottom:10px}.m5t2,.m5v2{margin-top:10px}.m5v2{margin-bottom:10px}.m5h2{margin-left:10px;margin-right:10px}.m5a3{margin:15px}.m5l3{margin-left:15px}.m5r3{margin-right:15px}.m5b3{margin-bottom:15px}.m5t3,.m5v3{margin-top:15px}.m5v3{margin-bottom:15px}.m5h3{margin-left:15px;margin-right:15px}.m5a4{margin:20px}.m5l4{margin-left:20px}.m5r4{margin-right:20px}.m5b4{margin-bottom:20px}.m5t4,.m5v4{margin-top:20px}.m5v4{margin-bottom:20px}.m5h4{margin-left:20px;margin-right:20px}.m5a5{margin:25px}.m5l5{margin-left:25px}.m5r5{margin-right:25px}.m5b5{margin-bottom:25px}.m5t5,.m5v5{margin-top:25px}.m5v5{margin-bottom:25px}.m5h5{margin-left:25px;margin-right:25px}.m5a6{margin:30px}.m5l6{margin-left:30px}.m5r6{margin-right:30px}.m5b6{margin-bottom:30px}.m5t6,.m5v6{margin-top:30px}.m5v6{margin-bottom:30px}.m5h6{margin-left:30px;margin-right:30px}.m5a7{margin:35px}.m5l7{margin-left:35px}.m5r7{margin-right:35px}.m5b7{margin-bottom:35px}.m5t7,.m5v7{margin-top:35px}.m5v7{margin-bottom:35px}.m5h7{margin-left:35px;margin-right:35px}.m5a8{margin:40px}.m5l8{margin-left:40px}.m5r8{margin-right:40px}.m5b8{margin-bottom:40px}.m5t8,.m5v8{margin-top:40px}.m5v8{margin-bottom:40px}.m5h8{margin-left:40px;margin-right:40px}.m5a9{margin:45px}.m5l9{margin-left:45px}.m5r9{margin-right:45px}.m5b9{margin-bottom:45px}.m5t9,.m5v9{margin-top:45px}.m5v9{margin-bottom:45px}.m5h9{margin-left:45px;margin-right:45px}.m5a10{margin:50px}.m5l10{margin-left:50px}.m5r10{margin-right:50px}.m5b10{margin-bottom:50px}.m5t10,.m5v10{margin-top:50px}.m5v10{margin-bottom:50px}.m5h10{margin-left:50px;margin-right:50px}.m2a0{margin:0}.m2l0{margin-left:0}.m2r0{margin-right:0}.m2b0{margin-bottom:0}.m2t0,.m2v0{margin-top:0}.m2v0{margin-bottom:0}.m2h0{margin-left:0;margin-right:0}.m2a1{margin:2px}.m2l1{margin-left:2px}.m2r1{margin-right:2px}.m2b1{margin-bottom:2px}.m2t1,.m2v1{margin-top:2px}.m2v1{margin-bottom:2px}.m2h1{margin-left:2px;margin-right:2px}.m2a2{margin:4px}.m2l2{margin-left:4px}.m2r2{margin-right:4px}.m2b2{margin-bottom:4px}.m2t2,.m2v2{margin-top:4px}.m2v2{margin-bottom:4px}.m2h2{margin-left:4px;margin-right:4px}.m2a3{margin:6px}.m2l3{margin-left:6px}.m2r3{margin-right:6px}.m2b3{margin-bottom:6px}.m2t3,.m2v3{margin-top:6px}.m2v3{margin-bottom:6px}.m2h3{margin-left:6px;margin-right:6px}.m2a4{margin:8px}.m2l4{margin-left:8px}.m2r4{margin-right:8px}.m2b4{margin-bottom:8px}.m2t4,.m2v4{margin-top:8px}.m2v4{margin-bottom:8px}.m2h4{margin-left:8px;margin-right:8px}.m2a5{margin:10px}.m2l5{margin-left:10px}.m2r5{margin-right:10px}.m2b5{margin-bottom:10px}.m2t5,.m2v5{margin-top:10px}.m2v5{margin-bottom:10px}.m2h5{margin-left:10px;margin-right:10px}.m2a6{margin:12px}.m2l6{margin-left:12px}.m2r6{margin-right:12px}.m2b6{margin-bottom:12px}.m2t6,.m2v6{margin-top:12px}.m2v6{margin-bottom:12px}.m2h6{margin-left:12px;margin-right:12px}.m2a7{margin:14px}.m2l7{margin-left:14px}.m2r7{margin-right:14px}.m2b7{margin-bottom:14px}.m2t7,.m2v7{margin-top:14px}.m2v7{margin-bottom:14px}.m2h7{margin-left:14px;margin-right:14px}.m2a8{margin:16px}.m2l8{margin-left:16px}.m2r8{margin-right:16px}.m2b8{margin-bottom:16px}.m2t8,.m2v8{margin-top:16px}.m2v8{margin-bottom:16px}.m2h8{margin-left:16px;margin-right:16px}.m2a9{margin:18px}.m2l9{margin-left:18px}.m2r9{margin-right:18px}.m2b9{margin-bottom:18px}.m2t9,.m2v9{margin-top:18px}.m2v9{margin-bottom:18px}.m2h9{margin-left:18px;margin-right:18px}.m2a10{margin:20px}.m2l10{margin-left:20px}.m2r10{margin-right:20px}.m2b10{margin-bottom:20px}.m2t10,.m2v10{margin-top:20px}.m2v10{margin-bottom:20px}.m2h10{margin-left:20px;margin-right:20px}.m2a11{margin:22px}.m2l11{margin-left:22px}.m2r11{margin-right:22px}.m2b11{margin-bottom:22px}.m2t11,.m2v11{margin-top:22px}.m2v11{margin-bottom:22px}.m2h11{margin-left:22px;margin-right:22px}.m2a12{margin:24px}.m2l12{margin-left:24px}.m2r12{margin-right:24px}.m2b12{margin-bottom:24px}.m2t12,.m2v12{margin-top:24px}.m2v12{margin-bottom:24px}.m2h12{margin-left:24px;margin-right:24px}.m2a13{margin:26px}.m2l13{margin-left:26px}.m2r13{margin-right:26px}.m2b13{margin-bottom:26px}.m2t13,.m2v13{margin-top:26px}.m2v13{margin-bottom:26px}.m2h13{margin-left:26px;margin-right:26px}.m2a14{margin:28px}.m2l14{margin-left:28px}.m2r14{margin-right:28px}.m2b14{margin-bottom:28px}.m2t14,.m2v14{margin-top:28px}.m2v14{margin-bottom:28px}.m2h14{margin-left:28px;margin-right:28px}.m2a15{margin:30px}.m2l15{margin-left:30px}.m2r15{margin-right:30px}.m2b15{margin-bottom:30px}.m2t15,.m2v15{margin-top:30px}.m2v15{margin-bottom:30px}.m2h15{margin-left:30px;margin-right:30px}.m2a16{margin:32px}.m2l16{margin-left:32px}.m2r16{margin-right:32px}.m2b16{margin-bottom:32px}.m2t16,.m2v16{margin-top:32px}.m2v16{margin-bottom:32px}.m2h16{margin-left:32px;margin-right:32px}.m2a17{margin:34px}.m2l17{margin-left:34px}.m2r17{margin-right:34px}.m2b17{margin-bottom:34px}.m2t17,.m2v17{margin-top:34px}.m2v17{margin-bottom:34px}.m2h17{margin-left:34px;margin-right:34px}.m2a18{margin:36px}.m2l18{margin-left:36px}.m2r18{margin-right:36px}.m2b18{margin-bottom:36px}.m2t18,.m2v18{margin-top:36px}.m2v18{margin-bottom:36px}.m2h18{margin-left:36px;margin-right:36px}.m2a19{margin:38px}.m2l19{margin-left:38px}.m2r19{margin-right:38px}.m2b19{margin-bottom:38px}.m2t19,.m2v19{margin-top:38px}.m2v19{margin-bottom:38px}.m2h19{margin-left:38px;margin-right:38px}.m2a20{margin:40px}.m2l20{margin-left:40px}.m2r20{margin-right:40px}.m2b20{margin-bottom:40px}.m2t20,.m2v20{margin-top:40px}.m2v20{margin-bottom:40px}.m2h20{margin-left:40px;margin-right:40px}.m3a0{margin:0}.m3l0{margin-left:0}.m3r0{margin-right:0}.m3b0{margin-bottom:0}.m3t0,.m3v0{margin-top:0}.m3v0{margin-bottom:0}.m3h0{margin-left:0;margin-right:0}.m3a1{margin:3px}.m3l1{margin-left:3px}.m3r1{margin-right:3px}.m3b1{margin-bottom:3px}.m3t1,.m3v1{margin-top:3px}.m3v1{margin-bottom:3px}.m3h1{margin-left:3px;margin-right:3px}.m3a2{margin:6px}.m3l2{margin-left:6px}.m3r2{margin-right:6px}.m3b2{margin-bottom:6px}.m3t2,.m3v2{margin-top:6px}.m3v2{margin-bottom:6px}.m3h2{margin-left:6px;margin-right:6px}.m3a3{margin:9px}.m3l3{margin-left:9px}.m3r3{margin-right:9px}.m3b3{margin-bottom:9px}.m3t3,.m3v3{margin-top:9px}.m3v3{margin-bottom:9px}.m3h3{margin-left:9px;margin-right:9px}.m3a4{margin:12px}.m3l4{margin-left:12px}.m3r4{margin-right:12px}.m3b4{margin-bottom:12px}.m3t4,.m3v4{margin-top:12px}.m3v4{margin-bottom:12px}.m3h4{margin-left:12px;margin-right:12px}.m3a5{margin:15px}.m3l5{margin-left:15px}.m3r5{margin-right:15px}.m3b5{margin-bottom:15px}.m3t5,.m3v5{margin-top:15px}.m3v5{margin-bottom:15px}.m3h5{margin-left:15px;margin-right:15px}.m3a6{margin:18px}.m3l6{margin-left:18px}.m3r6{margin-right:18px}.m3b6{margin-bottom:18px}.m3t6,.m3v6{margin-top:18px}.m3v6{margin-bottom:18px}.m3h6{margin-left:18px;margin-right:18px}.m3a7{margin:21px}.m3l7{margin-left:21px}.m3r7{margin-right:21px}.m3b7{margin-bottom:21px}.m3t7,.m3v7{margin-top:21px}.m3v7{margin-bottom:21px}.m3h7{margin-left:21px;margin-right:21px}.m3a8{margin:24px}.m3l8{margin-left:24px}.m3r8{margin-right:24px}.m3b8{margin-bottom:24px}.m3t8,.m3v8{margin-top:24px}.m3v8{margin-bottom:24px}.m3h8{margin-left:24px;margin-right:24px}.m3a9{margin:27px}.m3l9{margin-left:27px}.m3r9{margin-right:27px}.m3b9{margin-bottom:27px}.m3t9,.m3v9{margin-top:27px}.m3v9{margin-bottom:27px}.m3h9{margin-left:27px;margin-right:27px}.m3a10{margin:30px}.m3l10{margin-left:30px}.m3r10{margin-right:30px}.m3b10{margin-bottom:30px}.m3t10,.m3v10{margin-top:30px}.m3v10{margin-bottom:30px}.m3h10{margin-left:30px;margin-right:30px}.m3a11{margin:33px}.m3l11{margin-left:33px}.m3r11{margin-right:33px}.m3b11{margin-bottom:33px}.m3t11,.m3v11{margin-top:33px}.m3v11{margin-bottom:33px}.m3h11{margin-left:33px;margin-right:33px}.m3a12{margin:36px}.m3l12{margin-left:36px}.m3r12{margin-right:36px}.m3b12{margin-bottom:36px}.m3t12,.m3v12{margin-top:36px}.m3v12{margin-bottom:36px}.m3h12{margin-left:36px;margin-right:36px}.m3a13{margin:39px}.m3l13{margin-left:39px}.m3r13{margin-right:39px}.m3b13{margin-bottom:39px}.m3t13,.m3v13{margin-top:39px}.m3v13{margin-bottom:39px}.m3h13{margin-left:39px;margin-right:39px}.m3a14{margin:42px}.m3l14{margin-left:42px}.m3r14{margin-right:42px}.m3b14{margin-bottom:42px}.m3t14,.m3v14{margin-top:42px}.m3v14{margin-bottom:42px}.m3h14{margin-left:42px;margin-right:42px}.m3a15{margin:45px}.m3l15{margin-left:45px}.m3r15{margin-right:45px}.m3b15{margin-bottom:45px}.m3t15,.m3v15{margin-top:45px}.m3v15{margin-bottom:45px}.m3h15{margin-left:45px;margin-right:45px}.m3a16{margin:48px}.m3l16{margin-left:48px}.m3r16{margin-right:48px}.m3b16{margin-bottom:48px}.m3t16,.m3v16{margin-top:48px}.m3v16{margin-bottom:48px}.m3h16{margin-left:48px;margin-right:48px}.m3a17{margin:51px}.m3l17{margin-left:51px}.m3r17{margin-right:51px}.m3b17{margin-bottom:51px}.m3t17,.m3v17{margin-top:51px}.m3v17{margin-bottom:51px}.m3h17{margin-left:51px;margin-right:51px}.m3a18{margin:54px}.m3l18{margin-left:54px}.m3r18{margin-right:54px}.m3b18{margin-bottom:54px}.m3t18,.m3v18{margin-top:54px}.m3v18{margin-bottom:54px}.m3h18{margin-left:54px;margin-right:54px}.m3a19{margin:57px}.m3l19{margin-left:57px}.m3r19{margin-right:57px}.m3b19{margin-bottom:57px}.m3t19,.m3v19{margin-top:57px}.m3v19{margin-bottom:57px}.m3h19{margin-left:57px;margin-right:57px}.m3a20{margin:60px}.m3l20{margin-left:60px}.m3r20{margin-right:60px}.m3b20{margin-bottom:60px}.m3t20,.m3v20{margin-top:60px}.m3v20{margin-bottom:60px}.m3h20{margin-left:60px;margin-right:60px}.ma0{margin:0}.ml0{margin-left:0}.mr0{margin-right:0}.mb0{margin-bottom:0}.mt0,.mv0{margin-top:0}.mv0{margin-bottom:0}.mh0{margin-left:0;margin-right:0}.ma1{margin:1px}.ml1{margin-left:1px}.mr1{margin-right:1px}.mb1{margin-bottom:1px}.mt1,.mv1{margin-top:1px}.mv1{margin-bottom:1px}.mh1{margin-left:1px;margin-right:1px}.ma2{margin:2px}.ml2{margin-left:2px}.mr2{margin-right:2px}.mb2{margin-bottom:2px}.mt2,.mv2{margin-top:2px}.mv2{margin-bottom:2px}.mh2{margin-left:2px;margin-right:2px}.ma3{margin:3px}.ml3{margin-left:3px}.mr3{margin-right:3px}.mb3{margin-bottom:3px}.mt3,.mv3{margin-top:3px}.mv3{margin-bottom:3px}.mh3{margin-left:3px;margin-right:3px}.ma4{margin:4px}.ml4{margin-left:4px}.mr4{margin-right:4px}.mb4{margin-bottom:4px}.mt4,.mv4{margin-top:4px}.mv4{margin-bottom:4px}.mh4{margin-left:4px;margin-right:4px}.ma5{margin:5px}.ml5{margin-left:5px}.mr5{margin-right:5px}.mb5{margin-bottom:5px}.mt5,.mv5{margin-top:5px}.mv5{margin-bottom:5px}.mh5{margin-left:5px;margin-right:5px}.ma6{margin:6px}.ml6{margin-left:6px}.mr6{margin-right:6px}.mb6{margin-bottom:6px}.mt6,.mv6{margin-top:6px}.mv6{margin-bottom:6px}.mh6{margin-left:6px;margin-right:6px}.ma7{margin:7px}.ml7{margin-left:7px}.mr7{margin-right:7px}.mb7{margin-bottom:7px}.mt7,.mv7{margin-top:7px}.mv7{margin-bottom:7px}.mh7{margin-left:7px;margin-right:7px}.ma8{margin:8px}.ml8{margin-left:8px}.mr8{margin-right:8px}.mb8{margin-bottom:8px}.mt8,.mv8{margin-top:8px}.mv8{margin-bottom:8px}.mh8{margin-left:8px;margin-right:8px}.ma9{margin:9px}.ml9{margin-left:9px}.mr9{margin-right:9px}.mb9{margin-bottom:9px}.mt9,.mv9{margin-top:9px}.mv9{margin-bottom:9px}.mh9{margin-left:9px;margin-right:9px}.ma10{margin:10px}.ml10{margin-left:10px}.mr10{margin-right:10px}.mb10{margin-bottom:10px}.mt10,.mv10{margin-top:10px}.mv10{margin-bottom:10px}.mh10{margin-left:10px;margin-right:10px}.ma11{margin:11px}.ml11{margin-left:11px}.mr11{margin-right:11px}.mb11{margin-bottom:11px}.mt11,.mv11{margin-top:11px}.mv11{margin-bottom:11px}.mh11{margin-left:11px;margin-right:11px}.ma12{margin:12px}.ml12{margin-left:12px}.mr12{margin-right:12px}.mb12{margin-bottom:12px}.mt12,.mv12{margin-top:12px}.mv12{margin-bottom:12px}.mh12{margin-left:12px;margin-right:12px}.ma13{margin:13px}.ml13{margin-left:13px}.mr13{margin-right:13px}.mb13{margin-bottom:13px}.mt13,.mv13{margin-top:13px}.mv13{margin-bottom:13px}.mh13{margin-left:13px;margin-right:13px}.ma14{margin:14px}.ml14{margin-left:14px}.mr14{margin-right:14px}.mb14{margin-bottom:14px}.mt14,.mv14{margin-top:14px}.mv14{margin-bottom:14px}.mh14{margin-left:14px;margin-right:14px}.ma15{margin:15px}.ml15{margin-left:15px}.mr15{margin-right:15px}.mb15{margin-bottom:15px}.mt15,.mv15{margin-top:15px}.mv15{margin-bottom:15px}.mh15{margin-left:15px;margin-right:15px}.ma16{margin:16px}.ml16{margin-left:16px}.mr16{margin-right:16px}.mb16{margin-bottom:16px}.mt16,.mv16{margin-top:16px}.mv16{margin-bottom:16px}.mh16{margin-left:16px;margin-right:16px}.ma17{margin:17px}.ml17{margin-left:17px}.mr17{margin-right:17px}.mb17{margin-bottom:17px}.mt17,.mv17{margin-top:17px}.mv17{margin-bottom:17px}.mh17{margin-left:17px;margin-right:17px}.ma18{margin:18px}.ml18{margin-left:18px}.mr18{margin-right:18px}.mb18{margin-bottom:18px}.mt18,.mv18{margin-top:18px}.mv18{margin-bottom:18px}.mh18{margin-left:18px;margin-right:18px}.ma19{margin:19px}.ml19{margin-left:19px}.mr19{margin-right:19px}.mb19{margin-bottom:19px}.mt19,.mv19{margin-top:19px}.mv19{margin-bottom:19px}.mh19{margin-left:19px;margin-right:19px}.ma20{margin:20px}.ml20{margin-left:20px}.mr20{margin-right:20px}.mb20{margin-bottom:20px}.mt20,.mv20{margin-top:20px}.mv20{margin-bottom:20px}.mh20{margin-left:20px;margin-right:20px}.ma21{margin:21px}.ml21{margin-left:21px}.mr21{margin-right:21px}.mb21{margin-bottom:21px}.mt21,.mv21{margin-top:21px}.mv21{margin-bottom:21px}.mh21{margin-left:21px;margin-right:21px}.ma22{margin:22px}.ml22{margin-left:22px}.mr22{margin-right:22px}.mb22{margin-bottom:22px}.mt22,.mv22{margin-top:22px}.mv22{margin-bottom:22px}.mh22{margin-left:22px;margin-right:22px}.ma23{margin:23px}.ml23{margin-left:23px}.mr23{margin-right:23px}.mb23{margin-bottom:23px}.mt23,.mv23{margin-top:23px}.mv23{margin-bottom:23px}.mh23{margin-left:23px;margin-right:23px}.ma24{margin:24px}.ml24{margin-left:24px}.mr24{margin-right:24px}.mb24{margin-bottom:24px}.mt24,.mv24{margin-top:24px}.mv24{margin-bottom:24px}.mh24{margin-left:24px;margin-right:24px}.ma25{margin:25px}.ml25{margin-left:25px}.mr25{margin-right:25px}.mb25{margin-bottom:25px}.mt25,.mv25{margin-top:25px}.mv25{margin-bottom:25px}.mh25{margin-left:25px;margin-right:25px}.ma26{margin:26px}.ml26{margin-left:26px}.mr26{margin-right:26px}.mb26{margin-bottom:26px}.mt26,.mv26{margin-top:26px}.mv26{margin-bottom:26px}.mh26{margin-left:26px;margin-right:26px}.ma27{margin:27px}.ml27{margin-left:27px}.mr27{margin-right:27px}.mb27{margin-bottom:27px}.mt27,.mv27{margin-top:27px}.mv27{margin-bottom:27px}.mh27{margin-left:27px;margin-right:27px}.ma28{margin:28px}.ml28{margin-left:28px}.mr28{margin-right:28px}.mb28{margin-bottom:28px}.mt28,.mv28{margin-top:28px}.mv28{margin-bottom:28px}.mh28{margin-left:28px;margin-right:28px}.ma29{margin:29px}.ml29{margin-left:29px}.mr29{margin-right:29px}.mb29{margin-bottom:29px}.mt29,.mv29{margin-top:29px}.mv29{margin-bottom:29px}.mh29{margin-left:29px;margin-right:29px}.ma30{margin:30px}.ml30{margin-left:30px}.mr30{margin-right:30px}.mb30{margin-bottom:30px}.mt30,.mv30{margin-top:30px}.mv30{margin-bottom:30px}.mh30{margin-left:30px;margin-right:30px}.ma31{margin:31px}.ml31{margin-left:31px}.mr31{margin-right:31px}.mb31{margin-bottom:31px}.mt31,.mv31{margin-top:31px}.mv31{margin-bottom:31px}.mh31{margin-left:31px;margin-right:31px}.ma32{margin:32px}.ml32{margin-left:32px}.mr32{margin-right:32px}.mb32{margin-bottom:32px}.mt32,.mv32{margin-top:32px}.mv32{margin-bottom:32px}.mh32{margin-left:32px;margin-right:32px}.ma33{margin:33px}.ml33{margin-left:33px}.mr33{margin-right:33px}.mb33{margin-bottom:33px}.mt33,.mv33{margin-top:33px}.mv33{margin-bottom:33px}.mh33{margin-left:33px;margin-right:33px}.ma34{margin:34px}.ml34{margin-left:34px}.mr34{margin-right:34px}.mb34{margin-bottom:34px}.mt34,.mv34{margin-top:34px}.mv34{margin-bottom:34px}.mh34{margin-left:34px;margin-right:34px}.ma35{margin:35px}.ml35{margin-left:35px}.mr35{margin-right:35px}.mb35{margin-bottom:35px}.mt35,.mv35{margin-top:35px}.mv35{margin-bottom:35px}.mh35{margin-left:35px;margin-right:35px}.ma36{margin:36px}.ml36{margin-left:36px}.mr36{margin-right:36px}.mb36{margin-bottom:36px}.mt36,.mv36{margin-top:36px}.mv36{margin-bottom:36px}.mh36{margin-left:36px;margin-right:36px}.ma37{margin:37px}.ml37{margin-left:37px}.mr37{margin-right:37px}.mb37{margin-bottom:37px}.mt37,.mv37{margin-top:37px}.mv37{margin-bottom:37px}.mh37{margin-left:37px;margin-right:37px}.ma38{margin:38px}.ml38{margin-left:38px}.mr38{margin-right:38px}.mb38{margin-bottom:38px}.mt38,.mv38{margin-top:38px}.mv38{margin-bottom:38px}.mh38{margin-left:38px;margin-right:38px}.ma39{margin:39px}.ml39{margin-left:39px}.mr39{margin-right:39px}.mb39{margin-bottom:39px}.mt39,.mv39{margin-top:39px}.mv39{margin-bottom:39px}.mh39{margin-left:39px;margin-right:39px}.ma40{margin:40px}.ml40{margin-left:40px}.mr40{margin-right:40px}.mb40{margin-bottom:40px}.mt40,.mv40{margin-top:40px}.mv40{margin-bottom:40px}.mh40{margin-left:40px;margin-right:40px}.ma41{margin:41px}.ml41{margin-left:41px}.mr41{margin-right:41px}.mb41{margin-bottom:41px}.mt41,.mv41{margin-top:41px}.mv41{margin-bottom:41px}.mh41{margin-left:41px;margin-right:41px}.ma42{margin:42px}.ml42{margin-left:42px}.mr42{margin-right:42px}.mb42{margin-bottom:42px}.mt42,.mv42{margin-top:42px}.mv42{margin-bottom:42px}.mh42{margin-left:42px;margin-right:42px}.ma43{margin:43px}.ml43{margin-left:43px}.mr43{margin-right:43px}.mb43{margin-bottom:43px}.mt43,.mv43{margin-top:43px}.mv43{margin-bottom:43px}.mh43{margin-left:43px;margin-right:43px}.ma44{margin:44px}.ml44{margin-left:44px}.mr44{margin-right:44px}.mb44{margin-bottom:44px}.mt44,.mv44{margin-top:44px}.mv44{margin-bottom:44px}.mh44{margin-left:44px;margin-right:44px}.ma45{margin:45px}.ml45{margin-left:45px}.mr45{margin-right:45px}.mb45{margin-bottom:45px}.mt45,.mv45{margin-top:45px}.mv45{margin-bottom:45px}.mh45{margin-left:45px;margin-right:45px}.ma46{margin:46px}.ml46{margin-left:46px}.mr46{margin-right:46px}.mb46{margin-bottom:46px}.mt46,.mv46{margin-top:46px}.mv46{margin-bottom:46px}.mh46{margin-left:46px;margin-right:46px}.ma47{margin:47px}.ml47{margin-left:47px}.mr47{margin-right:47px}.mb47{margin-bottom:47px}.mt47,.mv47{margin-top:47px}.mv47{margin-bottom:47px}.mh47{margin-left:47px;margin-right:47px}.ma48{margin:48px}.ml48{margin-left:48px}.mr48{margin-right:48px}.mb48{margin-bottom:48px}.mt48,.mv48{margin-top:48px}.mv48{margin-bottom:48px}.mh48{margin-left:48px;margin-right:48px}.ma49{margin:49px}.ml49{margin-left:49px}.mr49{margin-right:49px}.mb49{margin-bottom:49px}.mt49,.mv49{margin-top:49px}.mv49{margin-bottom:49px}.mh49{margin-left:49px;margin-right:49px}.ma50{margin:50px}.ml50{margin-left:50px}.mr50{margin-right:50px}.mb50{margin-bottom:50px}.mt50,.mv50{margin-top:50px}.mv50{margin-bottom:50px}.mh50{margin-left:50px;margin-right:50px}.ma51{margin:51px}.ml51{margin-left:51px}.mr51{margin-right:51px}.mb51{margin-bottom:51px}.mt51,.mv51{margin-top:51px}.mv51{margin-bottom:51px}.mh51{margin-left:51px;margin-right:51px}.ma52{margin:52px}.ml52{margin-left:52px}.mr52{margin-right:52px}.mb52{margin-bottom:52px}.mt52,.mv52{margin-top:52px}.mv52{margin-bottom:52px}.mh52{margin-left:52px;margin-right:52px}.ma53{margin:53px}.ml53{margin-left:53px}.mr53{margin-right:53px}.mb53{margin-bottom:53px}.mt53,.mv53{margin-top:53px}.mv53{margin-bottom:53px}.mh53{margin-left:53px;margin-right:53px}.ma54{margin:54px}.ml54{margin-left:54px}.mr54{margin-right:54px}.mb54{margin-bottom:54px}.mt54,.mv54{margin-top:54px}.mv54{margin-bottom:54px}.mh54{margin-left:54px;margin-right:54px}.ma55{margin:55px}.ml55{margin-left:55px}.mr55{margin-right:55px}.mb55{margin-bottom:55px}.mt55,.mv55{margin-top:55px}.mv55{margin-bottom:55px}.mh55{margin-left:55px;margin-right:55px}.ma56{margin:56px}.ml56{margin-left:56px}.mr56{margin-right:56px}.mb56{margin-bottom:56px}.mt56,.mv56{margin-top:56px}.mv56{margin-bottom:56px}.mh56{margin-left:56px;margin-right:56px}.ma57{margin:57px}.ml57{margin-left:57px}.mr57{margin-right:57px}.mb57{margin-bottom:57px}.mt57,.mv57{margin-top:57px}.mv57{margin-bottom:57px}.mh57{margin-left:57px;margin-right:57px}.ma58{margin:58px}.ml58{margin-left:58px}.mr58{margin-right:58px}.mb58{margin-bottom:58px}.mt58,.mv58{margin-top:58px}.mv58{margin-bottom:58px}.mh58{margin-left:58px;margin-right:58px}.ma59{margin:59px}.ml59{margin-left:59px}.mr59{margin-right:59px}.mb59{margin-bottom:59px}.mt59,.mv59{margin-top:59px}.mv59{margin-bottom:59px}.mh59{margin-left:59px;margin-right:59px}.ma60{margin:60px}.ml60{margin-left:60px}.mr60{margin-right:60px}.mb60{margin-bottom:60px}.mt60,.mv60{margin-top:60px}.mv60{margin-bottom:60px}.mh60{margin-left:60px;margin-right:60px}.ma61{margin:61px}.ml61{margin-left:61px}.mr61{margin-right:61px}.mb61{margin-bottom:61px}.mt61,.mv61{margin-top:61px}.mv61{margin-bottom:61px}.mh61{margin-left:61px;margin-right:61px}.ma62{margin:62px}.ml62{margin-left:62px}.mr62{margin-right:62px}.mb62{margin-bottom:62px}.mt62,.mv62{margin-top:62px}.mv62{margin-bottom:62px}.mh62{margin-left:62px;margin-right:62px}.ma63{margin:63px}.ml63{margin-left:63px}.mr63{margin-right:63px}.mb63{margin-bottom:63px}.mt63,.mv63{margin-top:63px}.mv63{margin-bottom:63px}.mh63{margin-left:63px;margin-right:63px}.ma64{margin:64px}.ml64{margin-left:64px}.mr64{margin-right:64px}.mb64{margin-bottom:64px}.mt64,.mv64{margin-top:64px}.mv64{margin-bottom:64px}.mh64{margin-left:64px;margin-right:64px}.ma65{margin:65px}.ml65{margin-left:65px}.mr65{margin-right:65px}.mb65{margin-bottom:65px}.mt65,.mv65{margin-top:65px}.mv65{margin-bottom:65px}.mh65{margin-left:65px;margin-right:65px}.ma66{margin:66px}.ml66{margin-left:66px}.mr66{margin-right:66px}.mb66{margin-bottom:66px}.mt66,.mv66{margin-top:66px}.mv66{margin-bottom:66px}.mh66{margin-left:66px;margin-right:66px}.ma67{margin:67px}.ml67{margin-left:67px}.mr67{margin-right:67px}.mb67{margin-bottom:67px}.mt67,.mv67{margin-top:67px}.mv67{margin-bottom:67px}.mh67{margin-left:67px;margin-right:67px}.ma68{margin:68px}.ml68{margin-left:68px}.mr68{margin-right:68px}.mb68{margin-bottom:68px}.mt68,.mv68{margin-top:68px}.mv68{margin-bottom:68px}.mh68{margin-left:68px;margin-right:68px}.ma69{margin:69px}.ml69{margin-left:69px}.mr69{margin-right:69px}.mb69{margin-bottom:69px}.mt69,.mv69{margin-top:69px}.mv69{margin-bottom:69px}.mh69{margin-left:69px;margin-right:69px}.ma70{margin:70px}.ml70{margin-left:70px}.mr70{margin-right:70px}.mb70{margin-bottom:70px}.mt70,.mv70{margin-top:70px}.mv70{margin-bottom:70px}.mh70{margin-left:70px;margin-right:70px}.ma71{margin:71px}.ml71{margin-left:71px}.mr71{margin-right:71px}.mb71{margin-bottom:71px}.mt71,.mv71{margin-top:71px}.mv71{margin-bottom:71px}.mh71{margin-left:71px;margin-right:71px}.ma72{margin:72px}.ml72{margin-left:72px}.mr72{margin-right:72px}.mb72{margin-bottom:72px}.mt72,.mv72{margin-top:72px}.mv72{margin-bottom:72px}.mh72{margin-left:72px;margin-right:72px}.ma73{margin:73px}.ml73{margin-left:73px}.mr73{margin-right:73px}.mb73{margin-bottom:73px}.mt73,.mv73{margin-top:73px}.mv73{margin-bottom:73px}.mh73{margin-left:73px;margin-right:73px}.ma74{margin:74px}.ml74{margin-left:74px}.mr74{margin-right:74px}.mb74{margin-bottom:74px}.mt74,.mv74{margin-top:74px}.mv74{margin-bottom:74px}.mh74{margin-left:74px;margin-right:74px}.ma75{margin:75px}.ml75{margin-left:75px}.mr75{margin-right:75px}.mb75{margin-bottom:75px}.mt75,.mv75{margin-top:75px}.mv75{margin-bottom:75px}.mh75{margin-left:75px;margin-right:75px}.ma76{margin:76px}.ml76{margin-left:76px}.mr76{margin-right:76px}.mb76{margin-bottom:76px}.mt76,.mv76{margin-top:76px}.mv76{margin-bottom:76px}.mh76{margin-left:76px;margin-right:76px}.ma77{margin:77px}.ml77{margin-left:77px}.mr77{margin-right:77px}.mb77{margin-bottom:77px}.mt77,.mv77{margin-top:77px}.mv77{margin-bottom:77px}.mh77{margin-left:77px;margin-right:77px}.ma78{margin:78px}.ml78{margin-left:78px}.mr78{margin-right:78px}.mb78{margin-bottom:78px}.mt78,.mv78{margin-top:78px}.mv78{margin-bottom:78px}.mh78{margin-left:78px;margin-right:78px}.ma79{margin:79px}.ml79{margin-left:79px}.mr79{margin-right:79px}.mb79{margin-bottom:79px}.mt79,.mv79{margin-top:79px}.mv79{margin-bottom:79px}.mh79{margin-left:79px;margin-right:79px}.ma80{margin:80px}.ml80{margin-left:80px}.mr80{margin-right:80px}.mb80{margin-bottom:80px}.mt80,.mv80{margin-top:80px}.mv80{margin-bottom:80px}.mh80{margin-left:80px;margin-right:80px}.ma81{margin:81px}.ml81{margin-left:81px}.mr81{margin-right:81px}.mb81{margin-bottom:81px}.mt81,.mv81{margin-top:81px}.mv81{margin-bottom:81px}.mh81{margin-left:81px;margin-right:81px}.ma82{margin:82px}.ml82{margin-left:82px}.mr82{margin-right:82px}.mb82{margin-bottom:82px}.mt82,.mv82{margin-top:82px}.mv82{margin-bottom:82px}.mh82{margin-left:82px;margin-right:82px}.ma83{margin:83px}.ml83{margin-left:83px}.mr83{margin-right:83px}.mb83{margin-bottom:83px}.mt83,.mv83{margin-top:83px}.mv83{margin-bottom:83px}.mh83{margin-left:83px;margin-right:83px}.ma84{margin:84px}.ml84{margin-left:84px}.mr84{margin-right:84px}.mb84{margin-bottom:84px}.mt84,.mv84{margin-top:84px}.mv84{margin-bottom:84px}.mh84{margin-left:84px;margin-right:84px}.ma85{margin:85px}.ml85{margin-left:85px}.mr85{margin-right:85px}.mb85{margin-bottom:85px}.mt85,.mv85{margin-top:85px}.mv85{margin-bottom:85px}.mh85{margin-left:85px;margin-right:85px}.ma86{margin:86px}.ml86{margin-left:86px}.mr86{margin-right:86px}.mb86{margin-bottom:86px}.mt86,.mv86{margin-top:86px}.mv86{margin-bottom:86px}.mh86{margin-left:86px;margin-right:86px}.ma87{margin:87px}.ml87{margin-left:87px}.mr87{margin-right:87px}.mb87{margin-bottom:87px}.mt87,.mv87{margin-top:87px}.mv87{margin-bottom:87px}.mh87{margin-left:87px;margin-right:87px}.ma88{margin:88px}.ml88{margin-left:88px}.mr88{margin-right:88px}.mb88{margin-bottom:88px}.mt88,.mv88{margin-top:88px}.mv88{margin-bottom:88px}.mh88{margin-left:88px;margin-right:88px}.ma89{margin:89px}.ml89{margin-left:89px}.mr89{margin-right:89px}.mb89{margin-bottom:89px}.mt89,.mv89{margin-top:89px}.mv89{margin-bottom:89px}.mh89{margin-left:89px;margin-right:89px}.ma90{margin:90px}.ml90{margin-left:90px}.mr90{margin-right:90px}.mb90{margin-bottom:90px}.mt90,.mv90{margin-top:90px}.mv90{margin-bottom:90px}.mh90{margin-left:90px;margin-right:90px}.ma91{margin:91px}.ml91{margin-left:91px}.mr91{margin-right:91px}.mb91{margin-bottom:91px}.mt91,.mv91{margin-top:91px}.mv91{margin-bottom:91px}.mh91{margin-left:91px;margin-right:91px}.ma92{margin:92px}.ml92{margin-left:92px}.mr92{margin-right:92px}.mb92{margin-bottom:92px}.mt92,.mv92{margin-top:92px}.mv92{margin-bottom:92px}.mh92{margin-left:92px;margin-right:92px}.ma93{margin:93px}.ml93{margin-left:93px}.mr93{margin-right:93px}.mb93{margin-bottom:93px}.mt93,.mv93{margin-top:93px}.mv93{margin-bottom:93px}.mh93{margin-left:93px;margin-right:93px}.ma94{margin:94px}.ml94{margin-left:94px}.mr94{margin-right:94px}.mb94{margin-bottom:94px}.mt94,.mv94{margin-top:94px}.mv94{margin-bottom:94px}.mh94{margin-left:94px;margin-right:94px}.ma95{margin:95px}.ml95{margin-left:95px}.mr95{margin-right:95px}.mb95{margin-bottom:95px}.mt95,.mv95{margin-top:95px}.mv95{margin-bottom:95px}.mh95{margin-left:95px;margin-right:95px}.ma96{margin:96px}.ml96{margin-left:96px}.mr96{margin-right:96px}.mb96{margin-bottom:96px}.mt96,.mv96{margin-top:96px}.mv96{margin-bottom:96px}.mh96{margin-left:96px;margin-right:96px}.ma97{margin:97px}.ml97{margin-left:97px}.mr97{margin-right:97px}.mb97{margin-bottom:97px}.mt97,.mv97{margin-top:97px}.mv97{margin-bottom:97px}.mh97{margin-left:97px;margin-right:97px}.ma98{margin:98px}.ml98{margin-left:98px}.mr98{margin-right:98px}.mb98{margin-bottom:98px}.mt98,.mv98{margin-top:98px}.mv98{margin-bottom:98px}.mh98{margin-left:98px;margin-right:98px}.ma99{margin:99px}.ml99{margin-left:99px}.mr99{margin-right:99px}.mb99{margin-bottom:99px}.mt99,.mv99{margin-top:99px}.mv99{margin-bottom:99px}.mh99{margin-left:99px;margin-right:99px}.ma100{margin:100px}.ml100{margin-left:100px}.mr100{margin-right:100px}.mb100{margin-bottom:100px}.mt100,.mv100{margin-top:100px}.mv100{margin-bottom:100px}.mh100{margin-left:100px;margin-right:100px}.p5a0{padding:0}.p5l0{padding-left:0}.p5r0{padding-right:0}.p5b0{padding-bottom:0}.p5t0,.p5v0{padding-top:0}.p5v0{padding-bottom:0}.p5h0{padding-left:0;padding-right:0}.p5a1{padding:5px}.p5l1{padding-left:5px}.p5r1{padding-right:5px}.p5b1{padding-bottom:5px}.p5t1,.p5v1{padding-top:5px}.p5v1{padding-bottom:5px}.p5h1{padding-left:5px;padding-right:5px}.p5a2{padding:10px}.p5l2{padding-left:10px}.p5r2{padding-right:10px}.p5b2{padding-bottom:10px}.p5t2,.p5v2{padding-top:10px}.p5v2{padding-bottom:10px}.p5h2{padding-left:10px;padding-right:10px}.p5a3{padding:15px}.p5l3{padding-left:15px}.p5r3{padding-right:15px}.p5b3{padding-bottom:15px}.p5t3,.p5v3{padding-top:15px}.p5v3{padding-bottom:15px}.p5h3{padding-left:15px;padding-right:15px}.p5a4{padding:20px}.p5l4{padding-left:20px}.p5r4{padding-right:20px}.p5b4{padding-bottom:20px}.p5t4,.p5v4{padding-top:20px}.p5v4{padding-bottom:20px}.p5h4{padding-left:20px;padding-right:20px}.p5a5{padding:25px}.p5l5{padding-left:25px}.p5r5{padding-right:25px}.p5b5{padding-bottom:25px}.p5t5,.p5v5{padding-top:25px}.p5v5{padding-bottom:25px}.p5h5{padding-left:25px;padding-right:25px}.p5a6{padding:30px}.p5l6{padding-left:30px}.p5r6{padding-right:30px}.p5b6{padding-bottom:30px}.p5t6,.p5v6{padding-top:30px}.p5v6{padding-bottom:30px}.p5h6{padding-left:30px;padding-right:30px}.p5a7{padding:35px}.p5l7{padding-left:35px}.p5r7{padding-right:35px}.p5b7{padding-bottom:35px}.p5t7,.p5v7{padding-top:35px}.p5v7{padding-bottom:35px}.p5h7{padding-left:35px;padding-right:35px}.p5a8{padding:40px}.p5l8{padding-left:40px}.p5r8{padding-right:40px}.p5b8{padding-bottom:40px}.p5t8,.p5v8{padding-top:40px}.p5v8{padding-bottom:40px}.p5h8{padding-left:40px;padding-right:40px}.p5a9{padding:45px}.p5l9{padding-left:45px}.p5r9{padding-right:45px}.p5b9{padding-bottom:45px}.p5t9,.p5v9{padding-top:45px}.p5v9{padding-bottom:45px}.p5h9{padding-left:45px;padding-right:45px}.p5a10{padding:50px}.p5l10{padding-left:50px}.p5r10{padding-right:50px}.p5b10{padding-bottom:50px}.p5t10,.p5v10{padding-top:50px}.p5v10{padding-bottom:50px}.p5h10{padding-left:50px;padding-right:50px}.p2a0{padding:0}.p2l0{padding-left:0}.p2r0{padding-right:0}.p2b0{padding-bottom:0}.p2t0,.p2v0{padding-top:0}.p2v0{padding-bottom:0}.p2h0{padding-left:0;padding-right:0}.p2a1{padding:2px}.p2l1{padding-left:2px}.p2r1{padding-right:2px}.p2b1{padding-bottom:2px}.p2t1,.p2v1{padding-top:2px}.p2v1{padding-bottom:2px}.p2h1{padding-left:2px;padding-right:2px}.p2a2{padding:4px}.p2l2{padding-left:4px}.p2r2{padding-right:4px}.p2b2{padding-bottom:4px}.p2t2,.p2v2{padding-top:4px}.p2v2{padding-bottom:4px}.p2h2{padding-left:4px;padding-right:4px}.p2a3{padding:6px}.p2l3{padding-left:6px}.p2r3{padding-right:6px}.p2b3{padding-bottom:6px}.p2t3,.p2v3{padding-top:6px}.p2v3{padding-bottom:6px}.p2h3{padding-left:6px;padding-right:6px}.p2a4{padding:8px}.p2l4{padding-left:8px}.p2r4{padding-right:8px}.p2b4{padding-bottom:8px}.p2t4,.p2v4{padding-top:8px}.p2v4{padding-bottom:8px}.p2h4{padding-left:8px;padding-right:8px}.p2a5{padding:10px}.p2l5{padding-left:10px}.p2r5{padding-right:10px}.p2b5{padding-bottom:10px}.p2t5,.p2v5{padding-top:10px}.p2v5{padding-bottom:10px}.p2h5{padding-left:10px;padding-right:10px}.p2a6{padding:12px}.p2l6{padding-left:12px}.p2r6{padding-right:12px}.p2b6{padding-bottom:12px}.p2t6,.p2v6{padding-top:12px}.p2v6{padding-bottom:12px}.p2h6{padding-left:12px;padding-right:12px}.p2a7{padding:14px}.p2l7{padding-left:14px}.p2r7{padding-right:14px}.p2b7{padding-bottom:14px}.p2t7,.p2v7{padding-top:14px}.p2v7{padding-bottom:14px}.p2h7{padding-left:14px;padding-right:14px}.p2a8{padding:16px}.p2l8{padding-left:16px}.p2r8{padding-right:16px}.p2b8{padding-bottom:16px}.p2t8,.p2v8{padding-top:16px}.p2v8{padding-bottom:16px}.p2h8{padding-left:16px;padding-right:16px}.p2a9{padding:18px}.p2l9{padding-left:18px}.p2r9{padding-right:18px}.p2b9{padding-bottom:18px}.p2t9,.p2v9{padding-top:18px}.p2v9{padding-bottom:18px}.p2h9{padding-left:18px;padding-right:18px}.p2a10{padding:20px}.p2l10{padding-left:20px}.p2r10{padding-right:20px}.p2b10{padding-bottom:20px}.p2t10,.p2v10{padding-top:20px}.p2v10{padding-bottom:20px}.p2h10{padding-left:20px;padding-right:20px}.p2a11{padding:22px}.p2l11{padding-left:22px}.p2r11{padding-right:22px}.p2b11{padding-bottom:22px}.p2t11,.p2v11{padding-top:22px}.p2v11{padding-bottom:22px}.p2h11{padding-left:22px;padding-right:22px}.p2a12{padding:24px}.p2l12{padding-left:24px}.p2r12{padding-right:24px}.p2b12{padding-bottom:24px}.p2t12,.p2v12{padding-top:24px}.p2v12{padding-bottom:24px}.p2h12{padding-left:24px;padding-right:24px}.p2a13{padding:26px}.p2l13{padding-left:26px}.p2r13{padding-right:26px}.p2b13{padding-bottom:26px}.p2t13,.p2v13{padding-top:26px}.p2v13{padding-bottom:26px}.p2h13{padding-left:26px;padding-right:26px}.p2a14{padding:28px}.p2l14{padding-left:28px}.p2r14{padding-right:28px}.p2b14{padding-bottom:28px}.p2t14,.p2v14{padding-top:28px}.p2v14{padding-bottom:28px}.p2h14{padding-left:28px;padding-right:28px}.p2a15{padding:30px}.p2l15{padding-left:30px}.p2r15{padding-right:30px}.p2b15{padding-bottom:30px}.p2t15,.p2v15{padding-top:30px}.p2v15{padding-bottom:30px}.p2h15{padding-left:30px;padding-right:30px}.p2a16{padding:32px}.p2l16{padding-left:32px}.p2r16{padding-right:32px}.p2b16{padding-bottom:32px}.p2t16,.p2v16{padding-top:32px}.p2v16{padding-bottom:32px}.p2h16{padding-left:32px;padding-right:32px}.p2a17{padding:34px}.p2l17{padding-left:34px}.p2r17{padding-right:34px}.p2b17{padding-bottom:34px}.p2t17,.p2v17{padding-top:34px}.p2v17{padding-bottom:34px}.p2h17{padding-left:34px;padding-right:34px}.p2a18{padding:36px}.p2l18{padding-left:36px}.p2r18{padding-right:36px}.p2b18{padding-bottom:36px}.p2t18,.p2v18{padding-top:36px}.p2v18{padding-bottom:36px}.p2h18{padding-left:36px;padding-right:36px}.p2a19{padding:38px}.p2l19{padding-left:38px}.p2r19{padding-right:38px}.p2b19{padding-bottom:38px}.p2t19,.p2v19{padding-top:38px}.p2v19{padding-bottom:38px}.p2h19{padding-left:38px;padding-right:38px}.p2a20{padding:40px}.p2l20{padding-left:40px}.p2r20{padding-right:40px}.p2b20{padding-bottom:40px}.p2t20,.p2v20{padding-top:40px}.p2v20{padding-bottom:40px}.p2h20{padding-left:40px;padding-right:40px}.p3a0{padding:0}.p3l0{padding-left:0}.p3r0{padding-right:0}.p3b0{padding-bottom:0}.p3t0,.p3v0{padding-top:0}.p3v0{padding-bottom:0}.p3h0{padding-left:0;padding-right:0}.p3a1{padding:3px}.p3l1{padding-left:3px}.p3r1{padding-right:3px}.p3b1{padding-bottom:3px}.p3t1,.p3v1{padding-top:3px}.p3v1{padding-bottom:3px}.p3h1{padding-left:3px;padding-right:3px}.p3a2{padding:6px}.p3l2{padding-left:6px}.p3r2{padding-right:6px}.p3b2{padding-bottom:6px}.p3t2,.p3v2{padding-top:6px}.p3v2{padding-bottom:6px}.p3h2{padding-left:6px;padding-right:6px}.p3a3{padding:9px}.p3l3{padding-left:9px}.p3r3{padding-right:9px}.p3b3{padding-bottom:9px}.p3t3,.p3v3{padding-top:9px}.p3v3{padding-bottom:9px}.p3h3{padding-left:9px;padding-right:9px}.p3a4{padding:12px}.p3l4{padding-left:12px}.p3r4{padding-right:12px}.p3b4{padding-bottom:12px}.p3t4,.p3v4{padding-top:12px}.p3v4{padding-bottom:12px}.p3h4{padding-left:12px;padding-right:12px}.p3a5{padding:15px}.p3l5{padding-left:15px}.p3r5{padding-right:15px}.p3b5{padding-bottom:15px}.p3t5,.p3v5{padding-top:15px}.p3v5{padding-bottom:15px}.p3h5{padding-left:15px;padding-right:15px}.p3a6{padding:18px}.p3l6{padding-left:18px}.p3r6{padding-right:18px}.p3b6{padding-bottom:18px}.p3t6,.p3v6{padding-top:18px}.p3v6{padding-bottom:18px}.p3h6{padding-left:18px;padding-right:18px}.p3a7{padding:21px}.p3l7{padding-left:21px}.p3r7{padding-right:21px}.p3b7{padding-bottom:21px}.p3t7,.p3v7{padding-top:21px}.p3v7{padding-bottom:21px}.p3h7{padding-left:21px;padding-right:21px}.p3a8{padding:24px}.p3l8{padding-left:24px}.p3r8{padding-right:24px}.p3b8{padding-bottom:24px}.p3t8,.p3v8{padding-top:24px}.p3v8{padding-bottom:24px}.p3h8{padding-left:24px;padding-right:24px}.p3a9{padding:27px}.p3l9{padding-left:27px}.p3r9{padding-right:27px}.p3b9{padding-bottom:27px}.p3t9,.p3v9{padding-top:27px}.p3v9{padding-bottom:27px}.p3h9{padding-left:27px;padding-right:27px}.p3a10{padding:30px}.p3l10{padding-left:30px}.p3r10{padding-right:30px}.p3b10{padding-bottom:30px}.p3t10,.p3v10{padding-top:30px}.p3v10{padding-bottom:30px}.p3h10{padding-left:30px;padding-right:30px}.p3a11{padding:33px}.p3l11{padding-left:33px}.p3r11{padding-right:33px}.p3b11{padding-bottom:33px}.p3t11,.p3v11{padding-top:33px}.p3v11{padding-bottom:33px}.p3h11{padding-left:33px;padding-right:33px}.p3a12{padding:36px}.p3l12{padding-left:36px}.p3r12{padding-right:36px}.p3b12{padding-bottom:36px}.p3t12,.p3v12{padding-top:36px}.p3v12{padding-bottom:36px}.p3h12{padding-left:36px;padding-right:36px}.p3a13{padding:39px}.p3l13{padding-left:39px}.p3r13{padding-right:39px}.p3b13{padding-bottom:39px}.p3t13,.p3v13{padding-top:39px}.p3v13{padding-bottom:39px}.p3h13{padding-left:39px;padding-right:39px}.p3a14{padding:42px}.p3l14{padding-left:42px}.p3r14{padding-right:42px}.p3b14{padding-bottom:42px}.p3t14,.p3v14{padding-top:42px}.p3v14{padding-bottom:42px}.p3h14{padding-left:42px;padding-right:42px}.p3a15{padding:45px}.p3l15{padding-left:45px}.p3r15{padding-right:45px}.p3b15{padding-bottom:45px}.p3t15,.p3v15{padding-top:45px}.p3v15{padding-bottom:45px}.p3h15{padding-left:45px;padding-right:45px}.p3a16{padding:48px}.p3l16{padding-left:48px}.p3r16{padding-right:48px}.p3b16{padding-bottom:48px}.p3t16,.p3v16{padding-top:48px}.p3v16{padding-bottom:48px}.p3h16{padding-left:48px;padding-right:48px}.p3a17{padding:51px}.p3l17{padding-left:51px}.p3r17{padding-right:51px}.p3b17{padding-bottom:51px}.p3t17,.p3v17{padding-top:51px}.p3v17{padding-bottom:51px}.p3h17{padding-left:51px;padding-right:51px}.p3a18{padding:54px}.p3l18{padding-left:54px}.p3r18{padding-right:54px}.p3b18{padding-bottom:54px}.p3t18,.p3v18{padding-top:54px}.p3v18{padding-bottom:54px}.p3h18{padding-left:54px;padding-right:54px}.p3a19{padding:57px}.p3l19{padding-left:57px}.p3r19{padding-right:57px}.p3b19{padding-bottom:57px}.p3t19,.p3v19{padding-top:57px}.p3v19{padding-bottom:57px}.p3h19{padding-left:57px;padding-right:57px}.p3a20{padding:60px}.p3l20{padding-left:60px}.p3r20{padding-right:60px}.p3b20{padding-bottom:60px}.p3t20,.p3v20{padding-top:60px}.p3v20{padding-bottom:60px}.p3h20{padding-left:60px;padding-right:60px}.pa0{padding:0}.pl0{padding-left:0}.pr0{padding-right:0}.pb0{padding-bottom:0}.pt0,.pv0{padding-top:0}.pv0{padding-bottom:0}.ph0{padding-left:0;padding-right:0}.pa1{padding:1px}.pl1{padding-left:1px}.pr1{padding-right:1px}.pb1{padding-bottom:1px}.pt1,.pv1{padding-top:1px}.pv1{padding-bottom:1px}.ph1{padding-left:1px;padding-right:1px}.pa2{padding:2px}.pl2{padding-left:2px}.pr2{padding-right:2px}.pb2{padding-bottom:2px}.pt2,.pv2{padding-top:2px}.pv2{padding-bottom:2px}.ph2{padding-left:2px;padding-right:2px}.pa3{padding:3px}.pl3{padding-left:3px}.pr3{padding-right:3px}.pb3{padding-bottom:3px}.pt3,.pv3{padding-top:3px}.pv3{padding-bottom:3px}.ph3{padding-left:3px;padding-right:3px}.pa4{padding:4px}.pl4{padding-left:4px}.pr4{padding-right:4px}.pb4{padding-bottom:4px}.pt4,.pv4{padding-top:4px}.pv4{padding-bottom:4px}.ph4{padding-left:4px;padding-right:4px}.pa5{padding:5px}.pl5{padding-left:5px}.pr5{padding-right:5px}.pb5{padding-bottom:5px}.pt5,.pv5{padding-top:5px}.pv5{padding-bottom:5px}.ph5{padding-left:5px;padding-right:5px}.pa6{padding:6px}.pl6{padding-left:6px}.pr6{padding-right:6px}.pb6{padding-bottom:6px}.pt6,.pv6{padding-top:6px}.pv6{padding-bottom:6px}.ph6{padding-left:6px;padding-right:6px}.pa7{padding:7px}.pl7{padding-left:7px}.pr7{padding-right:7px}.pb7{padding-bottom:7px}.pt7,.pv7{padding-top:7px}.pv7{padding-bottom:7px}.ph7{padding-left:7px;padding-right:7px}.pa8{padding:8px}.pl8{padding-left:8px}.pr8{padding-right:8px}.pb8{padding-bottom:8px}.pt8,.pv8{padding-top:8px}.pv8{padding-bottom:8px}.ph8{padding-left:8px;padding-right:8px}.pa9{padding:9px}.pl9{padding-left:9px}.pr9{padding-right:9px}.pb9{padding-bottom:9px}.pt9,.pv9{padding-top:9px}.pv9{padding-bottom:9px}.ph9{padding-left:9px;padding-right:9px}.pa10{padding:10px}.pl10{padding-left:10px}.pr10{padding-right:10px}.pb10{padding-bottom:10px}.pt10,.pv10{padding-top:10px}.pv10{padding-bottom:10px}.ph10{padding-left:10px;padding-right:10px}.pa11{padding:11px}.pl11{padding-left:11px}.pr11{padding-right:11px}.pb11{padding-bottom:11px}.pt11,.pv11{padding-top:11px}.pv11{padding-bottom:11px}.ph11{padding-left:11px;padding-right:11px}.pa12{padding:12px}.pl12{padding-left:12px}.pr12{padding-right:12px}.pb12{padding-bottom:12px}.pt12,.pv12{padding-top:12px}.pv12{padding-bottom:12px}.ph12{padding-left:12px;padding-right:12px}.pa13{padding:13px}.pl13{padding-left:13px}.pr13{padding-right:13px}.pb13{padding-bottom:13px}.pt13,.pv13{padding-top:13px}.pv13{padding-bottom:13px}.ph13{padding-left:13px;padding-right:13px}.pa14{padding:14px}.pl14{padding-left:14px}.pr14{padding-right:14px}.pb14{padding-bottom:14px}.pt14,.pv14{padding-top:14px}.pv14{padding-bottom:14px}.ph14{padding-left:14px;padding-right:14px}.pa15{padding:15px}.pl15{padding-left:15px}.pr15{padding-right:15px}.pb15{padding-bottom:15px}.pt15,.pv15{padding-top:15px}.pv15{padding-bottom:15px}.ph15{padding-left:15px;padding-right:15px}.pa16{padding:16px}.pl16{padding-left:16px}.pr16{padding-right:16px}.pb16{padding-bottom:16px}.pt16,.pv16{padding-top:16px}.pv16{padding-bottom:16px}.ph16{padding-left:16px;padding-right:16px}.pa17{padding:17px}.pl17{padding-left:17px}.pr17{padding-right:17px}.pb17{padding-bottom:17px}.pt17,.pv17{padding-top:17px}.pv17{padding-bottom:17px}.ph17{padding-left:17px;padding-right:17px}.pa18{padding:18px}.pl18{padding-left:18px}.pr18{padding-right:18px}.pb18{padding-bottom:18px}.pt18,.pv18{padding-top:18px}.pv18{padding-bottom:18px}.ph18{padding-left:18px;padding-right:18px}.pa19{padding:19px}.pl19{padding-left:19px}.pr19{padding-right:19px}.pb19{padding-bottom:19px}.pt19,.pv19{padding-top:19px}.pv19{padding-bottom:19px}.ph19{padding-left:19px;padding-right:19px}.pa20{padding:20px}.pl20{padding-left:20px}.pr20{padding-right:20px}.pb20{padding-bottom:20px}.pt20,.pv20{padding-top:20px}.pv20{padding-bottom:20px}.ph20{padding-left:20px;padding-right:20px}.pa21{padding:21px}.pl21{padding-left:21px}.pr21{padding-right:21px}.pb21{padding-bottom:21px}.pt21,.pv21{padding-top:21px}.pv21{padding-bottom:21px}.ph21{padding-left:21px;padding-right:21px}.pa22{padding:22px}.pl22{padding-left:22px}.pr22{padding-right:22px}.pb22{padding-bottom:22px}.pt22,.pv22{padding-top:22px}.pv22{padding-bottom:22px}.ph22{padding-left:22px;padding-right:22px}.pa23{padding:23px}.pl23{padding-left:23px}.pr23{padding-right:23px}.pb23{padding-bottom:23px}.pt23,.pv23{padding-top:23px}.pv23{padding-bottom:23px}.ph23{padding-left:23px;padding-right:23px}.pa24{padding:24px}.pl24{padding-left:24px}.pr24{padding-right:24px}.pb24{padding-bottom:24px}.pt24,.pv24{padding-top:24px}.pv24{padding-bottom:24px}.ph24{padding-left:24px;padding-right:24px}.pa25{padding:25px}.pl25{padding-left:25px}.pr25{padding-right:25px}.pb25{padding-bottom:25px}.pt25,.pv25{padding-top:25px}.pv25{padding-bottom:25px}.ph25{padding-left:25px;padding-right:25px}.pa26{padding:26px}.pl26{padding-left:26px}.pr26{padding-right:26px}.pb26{padding-bottom:26px}.pt26,.pv26{padding-top:26px}.pv26{padding-bottom:26px}.ph26{padding-left:26px;padding-right:26px}.pa27{padding:27px}.pl27{padding-left:27px}.pr27{padding-right:27px}.pb27{padding-bottom:27px}.pt27,.pv27{padding-top:27px}.pv27{padding-bottom:27px}.ph27{padding-left:27px;padding-right:27px}.pa28{padding:28px}.pl28{padding-left:28px}.pr28{padding-right:28px}.pb28{padding-bottom:28px}.pt28,.pv28{padding-top:28px}.pv28{padding-bottom:28px}.ph28{padding-left:28px;padding-right:28px}.pa29{padding:29px}.pl29{padding-left:29px}.pr29{padding-right:29px}.pb29{padding-bottom:29px}.pt29,.pv29{padding-top:29px}.pv29{padding-bottom:29px}.ph29{padding-left:29px;padding-right:29px}.pa30{padding:30px}.pl30{padding-left:30px}.pr30{padding-right:30px}.pb30{padding-bottom:30px}.pt30,.pv30{padding-top:30px}.pv30{padding-bottom:30px}.ph30{padding-left:30px;padding-right:30px}.pa31{padding:31px}.pl31{padding-left:31px}.pr31{padding-right:31px}.pb31{padding-bottom:31px}.pt31,.pv31{padding-top:31px}.pv31{padding-bottom:31px}.ph31{padding-left:31px;padding-right:31px}.pa32{padding:32px}.pl32{padding-left:32px}.pr32{padding-right:32px}.pb32{padding-bottom:32px}.pt32,.pv32{padding-top:32px}.pv32{padding-bottom:32px}.ph32{padding-left:32px;padding-right:32px}.pa33{padding:33px}.pl33{padding-left:33px}.pr33{padding-right:33px}.pb33{padding-bottom:33px}.pt33,.pv33{padding-top:33px}.pv33{padding-bottom:33px}.ph33{padding-left:33px;padding-right:33px}.pa34{padding:34px}.pl34{padding-left:34px}.pr34{padding-right:34px}.pb34{padding-bottom:34px}.pt34,.pv34{padding-top:34px}.pv34{padding-bottom:34px}.ph34{padding-left:34px;padding-right:34px}.pa35{padding:35px}.pl35{padding-left:35px}.pr35{padding-right:35px}.pb35{padding-bottom:35px}.pt35,.pv35{padding-top:35px}.pv35{padding-bottom:35px}.ph35{padding-left:35px;padding-right:35px}.pa36{padding:36px}.pl36{padding-left:36px}.pr36{padding-right:36px}.pb36{padding-bottom:36px}.pt36,.pv36{padding-top:36px}.pv36{padding-bottom:36px}.ph36{padding-left:36px;padding-right:36px}.pa37{padding:37px}.pl37{padding-left:37px}.pr37{padding-right:37px}.pb37{padding-bottom:37px}.pt37,.pv37{padding-top:37px}.pv37{padding-bottom:37px}.ph37{padding-left:37px;padding-right:37px}.pa38{padding:38px}.pl38{padding-left:38px}.pr38{padding-right:38px}.pb38{padding-bottom:38px}.pt38,.pv38{padding-top:38px}.pv38{padding-bottom:38px}.ph38{padding-left:38px;padding-right:38px}.pa39{padding:39px}.pl39{padding-left:39px}.pr39{padding-right:39px}.pb39{padding-bottom:39px}.pt39,.pv39{padding-top:39px}.pv39{padding-bottom:39px}.ph39{padding-left:39px;padding-right:39px}.pa40{padding:40px}.pl40{padding-left:40px}.pr40{padding-right:40px}.pb40{padding-bottom:40px}.pt40,.pv40{padding-top:40px}.pv40{padding-bottom:40px}.ph40{padding-left:40px;padding-right:40px}.pa41{padding:41px}.pl41{padding-left:41px}.pr41{padding-right:41px}.pb41{padding-bottom:41px}.pt41,.pv41{padding-top:41px}.pv41{padding-bottom:41px}.ph41{padding-left:41px;padding-right:41px}.pa42{padding:42px}.pl42{padding-left:42px}.pr42{padding-right:42px}.pb42{padding-bottom:42px}.pt42,.pv42{padding-top:42px}.pv42{padding-bottom:42px}.ph42{padding-left:42px;padding-right:42px}.pa43{padding:43px}.pl43{padding-left:43px}.pr43{padding-right:43px}.pb43{padding-bottom:43px}.pt43,.pv43{padding-top:43px}.pv43{padding-bottom:43px}.ph43{padding-left:43px;padding-right:43px}.pa44{padding:44px}.pl44{padding-left:44px}.pr44{padding-right:44px}.pb44{padding-bottom:44px}.pt44,.pv44{padding-top:44px}.pv44{padding-bottom:44px}.ph44{padding-left:44px;padding-right:44px}.pa45{padding:45px}.pl45{padding-left:45px}.pr45{padding-right:45px}.pb45{padding-bottom:45px}.pt45,.pv45{padding-top:45px}.pv45{padding-bottom:45px}.ph45{padding-left:45px;padding-right:45px}.pa46{padding:46px}.pl46{padding-left:46px}.pr46{padding-right:46px}.pb46{padding-bottom:46px}.pt46,.pv46{padding-top:46px}.pv46{padding-bottom:46px}.ph46{padding-left:46px;padding-right:46px}.pa47{padding:47px}.pl47{padding-left:47px}.pr47{padding-right:47px}.pb47{padding-bottom:47px}.pt47,.pv47{padding-top:47px}.pv47{padding-bottom:47px}.ph47{padding-left:47px;padding-right:47px}.pa48{padding:48px}.pl48{padding-left:48px}.pr48{padding-right:48px}.pb48{padding-bottom:48px}.pt48,.pv48{padding-top:48px}.pv48{padding-bottom:48px}.ph48{padding-left:48px;padding-right:48px}.pa49{padding:49px}.pl49{padding-left:49px}.pr49{padding-right:49px}.pb49{padding-bottom:49px}.pt49,.pv49{padding-top:49px}.pv49{padding-bottom:49px}.ph49{padding-left:49px;padding-right:49px}.pa50{padding:50px}.pl50{padding-left:50px}.pr50{padding-right:50px}.pb50{padding-bottom:50px}.pt50,.pv50{padding-top:50px}.pv50{padding-bottom:50px}.ph50{padding-left:50px;padding-right:50px}.pa51{padding:51px}.pl51{padding-left:51px}.pr51{padding-right:51px}.pb51{padding-bottom:51px}.pt51,.pv51{padding-top:51px}.pv51{padding-bottom:51px}.ph51{padding-left:51px;padding-right:51px}.pa52{padding:52px}.pl52{padding-left:52px}.pr52{padding-right:52px}.pb52{padding-bottom:52px}.pt52,.pv52{padding-top:52px}.pv52{padding-bottom:52px}.ph52{padding-left:52px;padding-right:52px}.pa53{padding:53px}.pl53{padding-left:53px}.pr53{padding-right:53px}.pb53{padding-bottom:53px}.pt53,.pv53{padding-top:53px}.pv53{padding-bottom:53px}.ph53{padding-left:53px;padding-right:53px}.pa54{padding:54px}.pl54{padding-left:54px}.pr54{padding-right:54px}.pb54{padding-bottom:54px}.pt54,.pv54{padding-top:54px}.pv54{padding-bottom:54px}.ph54{padding-left:54px;padding-right:54px}.pa55{padding:55px}.pl55{padding-left:55px}.pr55{padding-right:55px}.pb55{padding-bottom:55px}.pt55,.pv55{padding-top:55px}.pv55{padding-bottom:55px}.ph55{padding-left:55px;padding-right:55px}.pa56{padding:56px}.pl56{padding-left:56px}.pr56{padding-right:56px}.pb56{padding-bottom:56px}.pt56,.pv56{padding-top:56px}.pv56{padding-bottom:56px}.ph56{padding-left:56px;padding-right:56px}.pa57{padding:57px}.pl57{padding-left:57px}.pr57{padding-right:57px}.pb57{padding-bottom:57px}.pt57,.pv57{padding-top:57px}.pv57{padding-bottom:57px}.ph57{padding-left:57px;padding-right:57px}.pa58{padding:58px}.pl58{padding-left:58px}.pr58{padding-right:58px}.pb58{padding-bottom:58px}.pt58,.pv58{padding-top:58px}.pv58{padding-bottom:58px}.ph58{padding-left:58px;padding-right:58px}.pa59{padding:59px}.pl59{padding-left:59px}.pr59{padding-right:59px}.pb59{padding-bottom:59px}.pt59,.pv59{padding-top:59px}.pv59{padding-bottom:59px}.ph59{padding-left:59px;padding-right:59px}.pa60{padding:60px}.pl60{padding-left:60px}.pr60{padding-right:60px}.pb60{padding-bottom:60px}.pt60,.pv60{padding-top:60px}.pv60{padding-bottom:60px}.ph60{padding-left:60px;padding-right:60px}.pa61{padding:61px}.pl61{padding-left:61px}.pr61{padding-right:61px}.pb61{padding-bottom:61px}.pt61,.pv61{padding-top:61px}.pv61{padding-bottom:61px}.ph61{padding-left:61px;padding-right:61px}.pa62{padding:62px}.pl62{padding-left:62px}.pr62{padding-right:62px}.pb62{padding-bottom:62px}.pt62,.pv62{padding-top:62px}.pv62{padding-bottom:62px}.ph62{padding-left:62px;padding-right:62px}.pa63{padding:63px}.pl63{padding-left:63px}.pr63{padding-right:63px}.pb63{padding-bottom:63px}.pt63,.pv63{padding-top:63px}.pv63{padding-bottom:63px}.ph63{padding-left:63px;padding-right:63px}.pa64{padding:64px}.pl64{padding-left:64px}.pr64{padding-right:64px}.pb64{padding-bottom:64px}.pt64,.pv64{padding-top:64px}.pv64{padding-bottom:64px}.ph64{padding-left:64px;padding-right:64px}.pa65{padding:65px}.pl65{padding-left:65px}.pr65{padding-right:65px}.pb65{padding-bottom:65px}.pt65,.pv65{padding-top:65px}.pv65{padding-bottom:65px}.ph65{padding-left:65px;padding-right:65px}.pa66{padding:66px}.pl66{padding-left:66px}.pr66{padding-right:66px}.pb66{padding-bottom:66px}.pt66,.pv66{padding-top:66px}.pv66{padding-bottom:66px}.ph66{padding-left:66px;padding-right:66px}.pa67{padding:67px}.pl67{padding-left:67px}.pr67{padding-right:67px}.pb67{padding-bottom:67px}.pt67,.pv67{padding-top:67px}.pv67{padding-bottom:67px}.ph67{padding-left:67px;padding-right:67px}.pa68{padding:68px}.pl68{padding-left:68px}.pr68{padding-right:68px}.pb68{padding-bottom:68px}.pt68,.pv68{padding-top:68px}.pv68{padding-bottom:68px}.ph68{padding-left:68px;padding-right:68px}.pa69{padding:69px}.pl69{padding-left:69px}.pr69{padding-right:69px}.pb69{padding-bottom:69px}.pt69,.pv69{padding-top:69px}.pv69{padding-bottom:69px}.ph69{padding-left:69px;padding-right:69px}.pa70{padding:70px}.pl70{padding-left:70px}.pr70{padding-right:70px}.pb70{padding-bottom:70px}.pt70,.pv70{padding-top:70px}.pv70{padding-bottom:70px}.ph70{padding-left:70px;padding-right:70px}.pa71{padding:71px}.pl71{padding-left:71px}.pr71{padding-right:71px}.pb71{padding-bottom:71px}.pt71,.pv71{padding-top:71px}.pv71{padding-bottom:71px}.ph71{padding-left:71px;padding-right:71px}.pa72{padding:72px}.pl72{padding-left:72px}.pr72{padding-right:72px}.pb72{padding-bottom:72px}.pt72,.pv72{padding-top:72px}.pv72{padding-bottom:72px}.ph72{padding-left:72px;padding-right:72px}.pa73{padding:73px}.pl73{padding-left:73px}.pr73{padding-right:73px}.pb73{padding-bottom:73px}.pt73,.pv73{padding-top:73px}.pv73{padding-bottom:73px}.ph73{padding-left:73px;padding-right:73px}.pa74{padding:74px}.pl74{padding-left:74px}.pr74{padding-right:74px}.pb74{padding-bottom:74px}.pt74,.pv74{padding-top:74px}.pv74{padding-bottom:74px}.ph74{padding-left:74px;padding-right:74px}.pa75{padding:75px}.pl75{padding-left:75px}.pr75{padding-right:75px}.pb75{padding-bottom:75px}.pt75,.pv75{padding-top:75px}.pv75{padding-bottom:75px}.ph75{padding-left:75px;padding-right:75px}.pa76{padding:76px}.pl76{padding-left:76px}.pr76{padding-right:76px}.pb76{padding-bottom:76px}.pt76,.pv76{padding-top:76px}.pv76{padding-bottom:76px}.ph76{padding-left:76px;padding-right:76px}.pa77{padding:77px}.pl77{padding-left:77px}.pr77{padding-right:77px}.pb77{padding-bottom:77px}.pt77,.pv77{padding-top:77px}.pv77{padding-bottom:77px}.ph77{padding-left:77px;padding-right:77px}.pa78{padding:78px}.pl78{padding-left:78px}.pr78{padding-right:78px}.pb78{padding-bottom:78px}.pt78,.pv78{padding-top:78px}.pv78{padding-bottom:78px}.ph78{padding-left:78px;padding-right:78px}.pa79{padding:79px}.pl79{padding-left:79px}.pr79{padding-right:79px}.pb79{padding-bottom:79px}.pt79,.pv79{padding-top:79px}.pv79{padding-bottom:79px}.ph79{padding-left:79px;padding-right:79px}.pa80{padding:80px}.pl80{padding-left:80px}.pr80{padding-right:80px}.pb80{padding-bottom:80px}.pt80,.pv80{padding-top:80px}.pv80{padding-bottom:80px}.ph80{padding-left:80px;padding-right:80px}.pa81{padding:81px}.pl81{padding-left:81px}.pr81{padding-right:81px}.pb81{padding-bottom:81px}.pt81,.pv81{padding-top:81px}.pv81{padding-bottom:81px}.ph81{padding-left:81px;padding-right:81px}.pa82{padding:82px}.pl82{padding-left:82px}.pr82{padding-right:82px}.pb82{padding-bottom:82px}.pt82,.pv82{padding-top:82px}.pv82{padding-bottom:82px}.ph82{padding-left:82px;padding-right:82px}.pa83{padding:83px}.pl83{padding-left:83px}.pr83{padding-right:83px}.pb83{padding-bottom:83px}.pt83,.pv83{padding-top:83px}.pv83{padding-bottom:83px}.ph83{padding-left:83px;padding-right:83px}.pa84{padding:84px}.pl84{padding-left:84px}.pr84{padding-right:84px}.pb84{padding-bottom:84px}.pt84,.pv84{padding-top:84px}.pv84{padding-bottom:84px}.ph84{padding-left:84px;padding-right:84px}.pa85{padding:85px}.pl85{padding-left:85px}.pr85{padding-right:85px}.pb85{padding-bottom:85px}.pt85,.pv85{padding-top:85px}.pv85{padding-bottom:85px}.ph85{padding-left:85px;padding-right:85px}.pa86{padding:86px}.pl86{padding-left:86px}.pr86{padding-right:86px}.pb86{padding-bottom:86px}.pt86,.pv86{padding-top:86px}.pv86{padding-bottom:86px}.ph86{padding-left:86px;padding-right:86px}.pa87{padding:87px}.pl87{padding-left:87px}.pr87{padding-right:87px}.pb87{padding-bottom:87px}.pt87,.pv87{padding-top:87px}.pv87{padding-bottom:87px}.ph87{padding-left:87px;padding-right:87px}.pa88{padding:88px}.pl88{padding-left:88px}.pr88{padding-right:88px}.pb88{padding-bottom:88px}.pt88,.pv88{padding-top:88px}.pv88{padding-bottom:88px}.ph88{padding-left:88px;padding-right:88px}.pa89{padding:89px}.pl89{padding-left:89px}.pr89{padding-right:89px}.pb89{padding-bottom:89px}.pt89,.pv89{padding-top:89px}.pv89{padding-bottom:89px}.ph89{padding-left:89px;padding-right:89px}.pa90{padding:90px}.pl90{padding-left:90px}.pr90{padding-right:90px}.pb90{padding-bottom:90px}.pt90,.pv90{padding-top:90px}.pv90{padding-bottom:90px}.ph90{padding-left:90px;padding-right:90px}.pa91{padding:91px}.pl91{padding-left:91px}.pr91{padding-right:91px}.pb91{padding-bottom:91px}.pt91,.pv91{padding-top:91px}.pv91{padding-bottom:91px}.ph91{padding-left:91px;padding-right:91px}.pa92{padding:92px}.pl92{padding-left:92px}.pr92{padding-right:92px}.pb92{padding-bottom:92px}.pt92,.pv92{padding-top:92px}.pv92{padding-bottom:92px}.ph92{padding-left:92px;padding-right:92px}.pa93{padding:93px}.pl93{padding-left:93px}.pr93{padding-right:93px}.pb93{padding-bottom:93px}.pt93,.pv93{padding-top:93px}.pv93{padding-bottom:93px}.ph93{padding-left:93px;padding-right:93px}.pa94{padding:94px}.pl94{padding-left:94px}.pr94{padding-right:94px}.pb94{padding-bottom:94px}.pt94,.pv94{padding-top:94px}.pv94{padding-bottom:94px}.ph94{padding-left:94px;padding-right:94px}.pa95{padding:95px}.pl95{padding-left:95px}.pr95{padding-right:95px}.pb95{padding-bottom:95px}.pt95,.pv95{padding-top:95px}.pv95{padding-bottom:95px}.ph95{padding-left:95px;padding-right:95px}.pa96{padding:96px}.pl96{padding-left:96px}.pr96{padding-right:96px}.pb96{padding-bottom:96px}.pt96,.pv96{padding-top:96px}.pv96{padding-bottom:96px}.ph96{padding-left:96px;padding-right:96px}.pa97{padding:97px}.pl97{padding-left:97px}.pr97{padding-right:97px}.pb97{padding-bottom:97px}.pt97,.pv97{padding-top:97px}.pv97{padding-bottom:97px}.ph97{padding-left:97px;padding-right:97px}.pa98{padding:98px}.pl98{padding-left:98px}.pr98{padding-right:98px}.pb98{padding-bottom:98px}.pt98,.pv98{padding-top:98px}.pv98{padding-bottom:98px}.ph98{padding-left:98px;padding-right:98px}.pa99{padding:99px}.pl99{padding-left:99px}.pr99{padding-right:99px}.pb99{padding-bottom:99px}.pt99,.pv99{padding-top:99px}.pv99{padding-bottom:99px}.ph99{padding-left:99px;padding-right:99px}.pa100{padding:100px}.pl100{padding-left:100px}.pr100{padding-right:100px}.pb100{padding-bottom:100px}.pt100,.pv100{padding-top:100px}.pv100{padding-bottom:100px}.ph100{padding-left:100px;padding-right:100px}.dn{display:none}.rds-message-box{border-radius:4px;box-sizing:border-box;display:inline-block;vertical-align:middle}.rds-message-box__title{font-size:14px;font-weight:700;margin-bottom:2px}.rds-message-box__body{font-size:12px;line-height:17px}.rds-message-box__content{justify-content:space-between}.rds-message-box--tint-blue-gray{fill:#454f5b;background-color:#f1f4f6;color:#454f5b}.rds-message-box--tint-red{fill:#e12705;background-color:#fce9e6;color:#e12705}.rds-message-box--tint-orange{fill:#d35200;background-color:#ffefe5;color:#d35200}.rds-message-box--tint-green{fill:#008c00;background-color:#e5f7e5;color:#008c00}.rds-message-box--tint-yellow{fill:#4c3000;background-color:#fef7e5;color:#4c3000}.rds-message-box--tint-teal{fill:#037e93;background-color:#e5f5f7;color:#037e93}.rds-message-box--tint-light-blue{fill:#004262;background-color:#e5f6fe;color:#004262}.rds-message-box--tint-blue{fill:#142a66;background-color:#eaf0ff;color:#142a66}.rds-message-box--tint-indigo{fill:#7245d0;background-color:#f0ecfa;color:#7245d0}.rds-message-box--tint-purple{fill:#9700b0;background-color:#f4e5f7;color:#9700b0}.rds-message-box--tint-magenta{fill:#d5146d;background-color:#fae7f0;color:#d5146d}.rds-message-box--filled-blue-gray{fill:#fff;background-color:#768695;color:#fff}.rds-message-box--filled-red{fill:#fff;background-color:#e12705;color:#fff}.rds-message-box--filled-orange{fill:#fff;background-color:#ff6500;color:#fff}.rds-message-box--filled-yellow{fill:#000;background-color:#ffd200;color:#000}.rds-message-box--filled-green{fill:#fff;background-color:#00af00;color:#fff}.rds-message-box--filled-teal{fill:#fff;background-color:#049eb8;color:#fff}.rds-message-box--filled-light-blue{fill:#fff;background-color:#00a7f6;color:#fff}.rds-message-box--filled-blue{fill:#fff;background-color:#346aff;color:#fff}.rds-message-box--filled-indigo{fill:#fff;background-color:#7245d0;color:#fff}.rds-message-box--filled-purple{fill:#fff;background-color:#9700b0;color:#fff}.rds-message-box--filled-magenta{fill:#fff;background-color:#d5146d;color:#fff}.rds-message-box--sm{font-size:12px;padding:10px 14px}.rds-message-box--sm .rds-message-box__content>.rds-content__suffix{margin-left:12px}.rds-message-box--sm .rds-message-box__content>.rds-content__prefix{margin-right:6px}.rds-message-box--md{font-size:14px;padding:12px 14px}.rds-message-box--md .rds-message-box__content>.rds-content__suffix{margin-left:14px}.rds-message-box--md .rds-message-box__content>.rds-content__prefix{margin-right:6px}.custom-ditues .rds-message-box-jikgu{border-radius:4px;background:#f4e5f7}.custom-ditues .rds-message-box-jikgu .rds-message-box__title{font-size:16px;font-weight:700;line-height:21px}.custom-ditues .rds-message-box-jikgu .purple{color:#78008c}.custom-ditues .rds-message-box-jikgu .rds-message-box__content{color:#212b36;margin-bottom:6px}.custom-ditues .rds-message-box-jikgu .rds-message-box__body{font-size:14px;font-weight:400;line-height:19px}.custom-ditues .rds-message-box-jikgu .rds-content__suffix{display:flex;justify-content:flex-end;align-items:center;color:#346aff;font-size:14px;font-weight:700;line-height:17px}.custom-ditues .rds-icon-arrow-right{margin-top:-2px}.rds-popup-jikgu .rds-popup__content{font-size:14px;font-weight:400;line-height:19px}.rds-popup-jikgu .rds-popup__content strong{font-weight:700}.rds-popup-jikgu ol{margin-bottom:20px}.rds-popup-jikgu ol li{list-style:decimal}.rds-popup-jikgu ul li{list-style:disc}.rds-popup-jikgu ol,.rds-popup-jikgu ul{padding-left:20px}.rds-message-box-cgf{color:#212b36}.rds-message-box-cgf ul{padding-left:20px}.rds-message-box-cgf ul li{list-style:disc}.rds-message-box-cgf .rds-content__text{line-height:19px}.rds-message-box-cgf .rds-content__suffix{display:flex;justify-content:flex-end;align-items:center;color:#346aff;font-size:14px;font-weight:700;line-height:17px}.rds-popup-cgf ul{padding-left:20px}.rds-popup-cgf ul:first-child{margin-bottom:20px}.rds-popup-cgf ul li{list-style:disc}.rds-popup-cgf .rds-popup__content{color:#212b36;font-size:14px;font-weight:400;line-height:19px}.rds-popup-cgf .sub-title{font-weight:700}.custom-ditues .rds-message-box{width:100%;margin:-10px 0 20px}.custom-ditues .tr4m,.custom-ditues .tr4m-blue{font-size:14px;line-height:19px}.custom-ditues .tr4m-blue{color:#346aff}
  </style>
  <style type="text/css">
   .prod-minor-notice{margin:-30px 0 40px;font-size:11px;color:#888}a.service-join__btn{color:#346aff;font-size:11px;margin-left:8px}.escrow-policy{margin-top:6px;font-size:12px;color:#888}.etc-pdd-info__dynamic .prod-txt-green,.etc-pdd-info__dynamic .prod-txt-green-2,.etc-pdd-info__dynamic .prod-txt-green-normal{color:#000!important}.exemption-title{font-weight:700;margin-top:40px;padding-bottom:10px;font-size:14px}.exemption-list-item{line-height:20px}.return-policy-process table{margin:5px 0 10px}.return-policy-process table th{text-align:center}.return-policy-process table th:first-child{width:70%;border-right:1px solid #eee}.return-policy-process table td:first-child{border-right:1px solid #eee}.return-policy-process__detail-block{border:1px solid #eee;padding:5px;margin:3px 0 40px;word-break:keep-all;line-height:19px;font-size:12px;color:#333}.rep-customer-info__value,.rep-phone{font-weight:400;font-size:14px;line-height:19px;color:#111}.rep-customer-info__hint,.rep-phone-hint{font-weight:400;font-size:12px;line-height:17px;color:#919eab;padding-top:8px}.etc-new-style a.service-join__btn{color:#346aff;font-size:11px;font-style:normal;font-weight:700;line-height:13px}.etc-new-style .rep-customer-info__value{color:#000;font-size:14px;font-style:normal;font-weight:400;line-height:19px}.etc-new-style .rep-phone{color:#000;font-size:12px;font-style:normal;font-weight:400;line-height:19px}.etc-new-style .rep-customer-info__hint,.etc-new-style .rep-phone-hint{padding-top:6px}.etc-new-style .escrow-policy,.etc-new-style .prod-minor-notice,.etc-new-style .rep-customer-info__hint,.etc-new-style .rep-phone-hint{color:#768695;font-size:12px;font-style:normal;font-weight:500;line-height:17px}
  </style>
  <style type="text/css">
   .prod-delivery-return-policy-legal-notice{margin-top:2px;margin-bottom:16px;color:#333;font-size:12px;line-height:17px}.prod-delivery-return-policy__kc{width:100%}.prod-delivery-return-policy__kc-img{float:left;padding-left:16px;width:40px}.prod-delivery-return-policy__kc-img img{width:40px}.prod-delivery-return-policy__kc-text-area{float:left;padding-left:16px;width:882px}.prod-delivery-return-policy__kc-text-area .improve-certification>span:first-child{font-size:14px}.prod-delivery-return-policy__kc-text-area .improve-certification>span:nth-child(2){font-size:18px}.prod-delivery-return-policy__kc-wraper{padding:17px 0;background:#fafafa;border-bottom:1px solid #eee;font-size:12px;color:#333}.prod-delivery-return-policy__kc-wraper .improve-flex{display:flex;align-items:center}.prod-delivery-return-policy__kc-wraper.border{border-top:1px solid #eee}.prod-delivery-return-policy__kc-wraper.none-border{border-top:none}.prod-delivery-return-policy__kc-text-area__description{padding-top:6px}.prod-delivery-return-policy__limit-list__indent{padding-left:12px}.prod-delivery-return-policy-title{padding-bottom:10px;font-size:14px;font-weight:700}.prod-delivery-return-policy-table{width:100%;margin-bottom:40px;table-layout:fixed;border-top:1px solid #eee;border-bottom:1px solid #eee;font-size:1em}.prod-delivery-return-policy-table th{padding:12px 16px;border-bottom:1px solid #eee;background-color:#fafafa;color:#111;font-weight:400;font-size:12px;overflow:hidden}.prod-delivery-return-policy-table td{white-space:normal;word-break:break-all;padding:12px 16px;color:#333;border-bottom:1px solid #eee;border-right:none;border-left:none;border-top:none;line-height:17px;font-size:12px}.prod-delivery-return-policy-table .prod-delivery-return-policy-table__phone-link,.prod-delivery-return-policy-table .prod-delivery-return-policy-table__phone-link:visited{color:#333!important}.prod-delivery-period__notice{padding:0 0 0 5px}.prod-delivery-period-contents{margin-bottom:6px}.prod-delivery-return-policy__limit-list{line-height:19px;font-size:12px;color:#333}.prod-delivery-return-policy__limit-text{padding:8px 0 4px;font-size:12px;font-weight:700;height:18px;color:#333}.border-overlap{position:relative;margin-top:-1px;height:1px;background:#fff;z-index:1}.etc-new-style .prod-delivery-return-policy-table th{padding:10px 11px 8px 13px;color:#454f5b;font-size:12px;font-style:normal;font-weight:400;line-height:21px}.etc-new-style .prod-delivery-return-policy-table td{padding:10px 11px;color:#000;font-size:12px;font-style:normal;font-weight:400;line-height:19px}.etc-new-style .prod-delivery-return-policy-table .prod-delivery-return-policy-table__phone-link,.etc-new-style .prod-delivery-return-policy-table .prod-delivery-return-policy-table__phone-link:visited{color:#000!important}
  </style>
  <style type="text/css">
   .select-recommend-item{border:1px solid #0073e9}.select-recommend-item-title{color:#0073e9}.recommendation{padding-top:30px;border-top:1px solid #eee}.recommendation .hps-pagination-buttons__next,.recommendation .hps-pagination-buttons__prev{top:60px!important}.recommendation-header{width:100%;height:18px;padding-bottom:14px;margin-bottom:20px}.recommendation-footer{padding-top:30px;margin-bottom:-40px;text-align:end}.recommendation-header__title{float:left;font-size:18px;font-weight:700;color:#111}.recommendation-header__description{line-height:20px;font-size:13px;color:#555;margin-left:5px;vertical-align:text-bottom}.recommendation-footer__description{font-size:12px;color:#111;opacity:.2;vertical-align:text-bottom}.recommendation-header__description-icon{width:14px;height:14px;background:url(data:image/svg+xml;base64,PD94bWwgdmVyc2lvbj0iMS4wIiBlbmNvZGluZz0iVVRGLTgiPz4KPHN2ZyB3aWR0aD0iMTRweCIgaGVpZ2h0PSIxNHB4IiB2aWV3Qm94PSIwIDAgMTQgMTQiIHZlcnNpb249IjEuMSIgeG1sbnM9Imh0dHA6Ly93d3cudzMub3JnLzIwMDAvc3ZnIiB4bWxuczp4bGluaz0iaHR0cDovL3d3dy53My5vcmcvMTk5OS94bGluayI+CiAgICA8IS0tIEdlbmVyYXRvcjogU2tldGNoIDUwLjIgKDU1MDQ3KSAtIGh0dHA6Ly93d3cuYm9oZW1pYW5jb2RpbmcuY29tL3NrZXRjaCAtLT4KICAgIDx0aXRsZT5pYy1oZWxwLW91dGxpbmUtYmFsY2tAMXg8L3RpdGxlPgogICAgPGRlc2M+Q3JlYXRlZCB3aXRoIFNrZXRjaC48L2Rlc2M+CiAgICA8ZGVmcz48L2RlZnM+CiAgICA8ZyBpZD0iU0RQIiBzdHJva2U9Im5vbmUiIHN0cm9rZS13aWR0aD0iMSIgZmlsbD0ibm9uZSIgZmlsbC1ydWxlPSJldmVub2RkIj4KICAgICAgICA8ZyBpZD0idXNlZF9kZXRhaWwtY29weS0yIiB0cmFuc2Zvcm09InRyYW5zbGF0ZSgtMTA0Ny4wMDAwMDAsIC0zMDguMDAwMDAwKSI+CiAgICAgICAgICAgIDxnIGlkPSJHcm91cCIgdHJhbnNmb3JtPSJ0cmFuc2xhdGUoNzMxLjAwMDAwMCwgMzA1LjAwMDAwMCkiPgogICAgICAgICAgICAgICAgPGcgaWQ9IjE1LUVsZW1lbnRzLzAxLUxvZ28vaWMtaGVscC1vdXRsaW5lLWJhbGNrIiB0cmFuc2Zvcm09InRyYW5zbGF0ZSgzMTYuMDAwMDAwLCAzLjAwMDAwMCkiPgogICAgICAgICAgICAgICAgICAgIDxnIGlkPSJpbmZvLWJsYWNrIj4KICAgICAgICAgICAgICAgICAgICAgICAgPHBhdGggZD0iTTcsMTMuNDE2NjY2NyBDMTAuNTQzODI3MSwxMy40MTY2NjY3IDEzLjQxNjY2NjcsMTAuNTQzODI3MSAxMy40MTY2NjY3LDcgQzEzLjQxNjY2NjcsMy40NTYxNzI4NiAxMC41NDM4MjcxLDAuNTgzMzMzMzMzIDcsMC41ODMzMzMzMzMgQzMuNDU2MTcyODYsMC41ODMzMzMzMzMgMC41ODMzMzMzMzMsMy40NTYxNzI4NiAwLjU4MzMzMzMzMyw3IEMwLjU4MzMzMzMzMywxMC41NDM4MjcxIDMuNDU2MTcyODYsMTMuNDE2NjY2NyA3LDEzLjQxNjY2NjcgWiBNNywxNCBDMy4xMzQwMDY3NSwxNCAwLDEwLjg2NTk5MzIgMCw3IEMwLDMuMTM0MDA2NzUgMy4xMzQwMDY3NSwwIDcsMCBDMTAuODY1OTkzMiwwIDE0LDMuMTM0MDA2NzUgMTQsNyBDMTQsMTAuODY1OTkzMiAxMC44NjU5OTMyLDE0IDcsMTQgWiIgaWQ9IlJpbmciIGZpbGw9IiMzMzMzMzMiIGZpbGwtcnVsZT0ibm9uemVybyI+PC9wYXRoPgogICAgICAgICAgICAgICAgICAgICAgICA8cGF0aCBkPSJNNi40MTY2NjY2Nyw1LjgzMzMzMzMzIEw3LjU4MzMzMzMzLDUuODMzMzMzMzMgTDcuNTgzMzMzMzMsMTAuMTExMTExMSBMOC43NSwxMC41IEw1LjI1LDEwLjUgTDYuNDE2NjY2NjcsMTAuMTExMTExMSBMNi40MTY2NjY2Nyw2LjMgTDUuMjUsNS44MzMzMzMzMyBMNi40MTY2NjY2Nyw1LjgzMzMzMzMzIFogTTYuODU0MTY2NjcsNC45NTgzMzMzMyBDNi40NTE0NTkwNCw0Ljk1ODMzMzMzIDYuMTI1LDQuNjMxODc0MyA2LjEyNSw0LjIyOTE2NjY3IEM2LjEyNSwzLjgyNjQ1OTA0IDYuNDUxNDU5MDQsMy41IDYuODU0MTY2NjcsMy41IEM3LjI1Njg3NDMsMy41IDcuNTgzMzMzMzMsMy44MjY0NTkwNCA3LjU4MzMzMzMzLDQuMjI5MTY2NjcgQzcuNTgzMzMzMzMsNC42MzE4NzQzIDcuMjU2ODc0Myw0Ljk1ODMzMzMzIDYuODU0MTY2NjcsNC45NTgzMzMzMyBaIiBpZD0iQ29tYmluZWQtU2hhcGUiIGZpbGw9IiMxMTExMTEiPjwvcGF0aD4KICAgICAgICAgICAgICAgICAgICA8L2c+CiAgICAgICAgICAgICAgICA8L2c+CiAgICAgICAgICAgIDwvZz4KICAgICAgICA8L2c+CiAgICA8L2c+Cjwvc3ZnPgo=) no-repeat 0 0;-webkit-background-size:14px 14px;background-size:14px 14px;vertical-align:-2px;margin-left:3px;display:inline-block;position:relative}.recommendation-header__description-icon-tooltip{position:relative;border:1px solid #d9d5b4;background-color:#fffeed;padding:12px;font-size:12px;color:#333;display:none;z-index:1;position:fixed}.recommendation-header__description-icon-tooltip:after,.recommendation-header__description-icon-tooltip:before{top:100%;left:10%;border:solid transparent;content:" ";height:0;width:0;position:absolute;pointer-events:none}.recommendation-header__description-icon-tooltip:after{border-color:rgba(255,254,237,0);border-top-color:#fffeed;border-width:6px;margin-left:-6px}.recommendation-header__description-icon-tooltip:before{border-color:hsla(54,33%,78%,0);border-top-color:#d9d5b4;border-width:7px;margin-left:-7px}.recommendation-header__page-counter{display:block;float:right;font-size:14px;font-family:Tahoma;color:#555}.recommendation-header__page-counter em{font-weight:700;color:#111}
  </style>
  <style type="text/css">
   .select-recommend-item{border:1px solid #0073e9}.select-recommend-item-title{color:#0073e9}.new-ui-horizontal-pagination-scroller{width:900px;padding:0 40px;position:relative}.new-ui-horizontal-pagination-scroller table{font-family:Apple SD Gothic Neo,Malgun Gothic,Dotum,Helvetica Neue,Helvetica,Arial,sans-serif}.new-ui-horizontal-pagination-scroller .hps-scroll{width:100%;position:relative;overflow:hidden}.new-ui-horizontal-pagination-scroller .hps-scroll .hps-scroll-item{width:160px!important;margin:0 10px!important}.new-ui-horizontal-pagination-scroller .hps-scroll-inner{--webkit-transition:$property $duration $effect;-moz-transition:transform .5s ease;-ms-transition:transform .5s ease;-o-transition:transform .5s ease;transition:transform .5s ease}.new-ui-horizontal-pagination-scroller .hps-component-mountpoint{vertical-align:top}.new-ui-horizontal-pagination-scroller .hps-component-mountpoint>div{float:left}.new-ui-horizontal-pagination-scroller .hps-component-separator{padding-left:25px;border-right:1px solid #ddd}.new-ui-horizontal-pagination-scroller .hps-component-separator+.hps-component-mountpoint{padding-left:25px}.new-ui-horizontal-pagination-scroller .hps-pagination-buttons__next,.new-ui-horizontal-pagination-scroller .hps-pagination-buttons__prev{position:absolute;top:50%!important;width:36px;height:39px;border:1px solid #eee;background:url("//img1a.coupangcdn.com/image/fodium/desktop/widget-sdp-alsoviewedproducts-20160622.png") no-repeat;text-indent:-9999em;cursor:pointer;transform:translateY(-50%)}.new-ui-horizontal-pagination-scroller .hps-pagination-buttons__prev{left:0;background-position:-2px -43px}.new-ui-horizontal-pagination-scroller .hps-pagination-buttons__prev:hover{background-position:-40px -2px}.new-ui-horizontal-pagination-scroller .hps-pagination-buttons__next{right:0;background-position:-78px -2px}.new-ui-horizontal-pagination-scroller .hps-pagination-buttons__next:hover{background-position:-2px -2px}
  </style>
  <style type="text/css">
   .select-recommend-item{border:1px solid #0073e9}.select-recommend-item-title{color:#0073e9}.popup-ui-horizontal-pagination-scroller{width:100%;position:relative;overflow:hidden}.popup-ui-horizontal-pagination-scroller table{font-family:Apple SD Gothic Neo,Malgun Gothic,Dotum,Helvetica Neue,Helvetica,Arial,sans-serif}.popup-ui-horizontal-pagination-scroller:hover .hps-pagination-buttons__next,.popup-ui-horizontal-pagination-scroller:hover .hps-pagination-buttons__prev{visibility:visible}.popup-ui-horizontal-pagination-scroller .hps-scroll-inner{--webkit-transition:$property $duration $effect;-moz-transition:transform .5s ease;-ms-transition:transform .5s ease;-o-transition:transform .5s ease;transition:transform .5s ease}.popup-ui-horizontal-pagination-scroller .hps-component-mountpoint{vertical-align:top}.popup-ui-horizontal-pagination-scroller .hps-component-mountpoint>div{float:left}.popup-ui-horizontal-pagination-scroller .hps-pagination-buttons__next,.popup-ui-horizontal-pagination-scroller .hps-pagination-buttons__prev{visibility:hidden;position:absolute;top:22px;width:25px;height:35px;border:1px solid #eee;cursor:pointer;opacity:0;box-shadow:-1px 0 2px 0 rgba(0,0,0,.18);border:1px solid rgba(0,0,0,.02);background-color:hsla(0,0%,100%,.9);--webkit-transition:$property $duration $effect;-moz-transition:opacity .6s ease-in-out;-ms-transition:opacity .6s ease-in-out;-o-transition:opacity .6s ease-in-out;transition:opacity .6s ease-in-out}.popup-ui-horizontal-pagination-scroller .hps-pagination-buttons__prev{left:0}.popup-ui-horizontal-pagination-scroller .hps-pagination-buttons__prev:hover .hps-pagination-buttons__pre-arrow{border-top:2px solid #346aff;border-left:2px solid #346aff}.popup-ui-horizontal-pagination-scroller .hps-pagination-buttons__prev .hps-pagination-buttons__pre-arrow{width:10px;height:10px;-webkit-transform:rotate(-45deg);-moz-transform:rotate(-45deg);-ms-transform:rotate(-45deg);-o-transform:rotate(-45deg);transform:rotate(-45deg);position:absolute;left:10px;top:12px;border-top:2px solid #aaa;border-left:2px solid #aaa}.popup-ui-horizontal-pagination-scroller .hps-pagination-buttons__next{right:0}.popup-ui-horizontal-pagination-scroller .hps-pagination-buttons__next:hover .hps-pagination-buttons__next-arrow{border-top:2px solid #346aff;border-right:2px solid #346aff}.popup-ui-horizontal-pagination-scroller .hps-pagination-buttons__next .hps-pagination-buttons__next-arrow{width:10px;height:10px;-webkit-transform:rotate(45deg);-moz-transform:rotate(45deg);-ms-transform:rotate(45deg);-o-transform:rotate(45deg);transform:rotate(45deg);position:absolute;left:3px;top:12px;border-top:2px solid #aaa;border-right:2px solid #aaa}.popup-ui-horizontal-pagination-scroller .hps-component-separator{padding-left:25px;border-right:1px solid #ddd}.popup-ui-horizontal-pagination-scroller .hps-component-separator+.hps-component-mountpoint{padding-left:25px}
  </style>
  <style type="text/css">
   .select-recommend-item{border:1px solid #0073e9}.select-recommend-item-title{color:#0073e9}.popup-ui-recommendation-list{position:relative}.popup-ui-recommendation-list .rl-list{position:relative;margin:0 auto;overflow:hidden}.popup-ui-recommendation-list .rl-list ul{width:9999px;overflow:hidden}.popup-ui-recommendation-list .rl-item{float:left;width:76px;position:relative;margin-right:8px;overflow:hidden}.popup-ui-recommendation-list .rl-item.rl-last-item{margin-right:0}.popup-ui-recommendation-list .rl-item a{display:inline-block;width:76px;height:auto;cursor:pointer}.popup-ui-recommendation-list .rl-item a:hover .rl-item__title{text-decoration:none;color:#346aff}.popup-ui-recommendation-list .rl-item__biz-dadge-wrap{margin-bottom:4px}.popup-ui-recommendation-list .rl-item__biz-dadge-wrap img{height:20px}.popup-ui-recommendation-list .rl-item__image-wrap{width:76px;height:76px;overflow:hidden}.popup-ui-recommendation-list .rl-item__image{width:76px;height:76px;--webkit-transition:$property $duration $effect;-moz-transition:transform .2s ease;-ms-transition:transform .2s ease;-o-transition:transform .2s ease;transition:transform .2s ease}.popup-ui-recommendation-list .rl-item__image:hover{-webkit-transform:scale(1.1);-moz-transform:scale(1.1);-ms-transform:scale(1.1);-o-transform:scale(1.1);transform:scale(1.1)}
  </style>
  <style type="text/css">
   .popup-recommendation{padding:16px 20px 20px}.popup-recommendation .recommendation-header__title{font-size:12px;padding-bottom:20px}.popup-recommendation .recommendation-header__seemore-link{font-size:12px;display:inline-block;color:#346aff;padding-left:8px;cursor:pointer}.popup-recommendation .recommendation-header__seemore-link__arrow{background:url("//img1a.coupangcdn.com/image/dragonstone/sdp/PCSDP_imageasset_190404-min.png") no-repeat -426px -327px;width:6px;height:12px;display:inline-block;vertical-align:-2px}
  </style>
  <style type="text/css">
   #midCarousel2,#midCarousel3{position:relative;padding-top:40px}.cmg-dco-carousel>div:hover{cursor:pointer}
  </style>
  <style type="text/css">
   .cmg-dco-carousel {
    overflow-y: hidden;
    -ms-overflow-style: none;
    /* IE and Edge */
    scrollbar-width: none;
    /* Firefox */
}

.cmg-dco-carousel-product {
    cursor: pointer;
}

.cmg-dco-carousel-product .main-image {
    scale: 1;
    transition: all .2s ease;
    --o-transition: all .2s ease;
    --ms-transition: all .2s ease;
    --moz-transition: all .2s ease;
    --webkit-transition: all .2s ease;
}

.cmg-dco-carousel-product .main-image:hover {
    scale: 1.1;
}

.cmg-dco-carousel-product:hover .product-title {
    color: #346aff !important;
}

.cmg-dco-carousel::-webkit-scrollbar {
    display: none;
}

.cmg-dco-template,
.cmg-dco-template * {
    box-sizing: border-box;
}

.add-to-cart__icon {
    font-style: normal;
    position: absolute;
    display: block;
    width: 32px;
    height: 32px;
    right: 8px;
    bottom: 8px;
    background: #ffffff;
    box-shadow: 0px 2px 2px rgba(0, 0, 0, 0.12), 0px 3px 1px -2px rgba(0, 0, 0, 0.1), 0px 1px 4px rgba(0, 0, 0, 0.16);
    border-radius: 16px;
    background-image: url(data:image/svg+xml;base64,PHN2ZyB3aWR0aD0iMTYiIGhlaWdodD0iMTciIHZpZXdCb3g9IjAgMCAxNiAxNyIgZmlsbD0ibm9uZSIgeG1sbnM9Imh0dHA6Ly93d3cudzMub3JnLzIwMDAvc3ZnIj4KPHBhdGggZmlsbC1ydWxlPSJldmVub2RkIiBjbGlwLXJ1bGU9ImV2ZW5vZGQiIGQ9Ik0zLjU2NTkxIDEuNTE2M0MzLjM0MzI5IDAuNjI1OTk2IDIuNTQzMzUgMC4wMDE0NjQ4NCAxLjYyNTYzIDAuMDAxNDY0ODRIMC42NjY2NjdMMC41ODg5MTkgMC4wMDU5NUMwLjI1NzM2IDAuMDQ0NDYwMSAwIDAuMzI2MjQxIDAgMC42NjgxMzJDMCAxLjAzNjMyIDAuMjk4NDc3IDEuMzM0OCAwLjY2NjY2NyAxLjMzNDhIMS42MjU2M0wxLjcwMTIxIDEuMzM5MDdDMS45NzQ2NyAxLjM3MDExIDIuMjA0MzkgMS41Njc3MSAyLjI3MjQxIDEuODM5NzZMMi4yNzI0MyAxLjgzOTg0TDQuMTAwNzggOS4xNTMxOUw0LjEzMzA0IDkuMjY3NzhDNC4zOTMxMSAxMC4wOTY2IDUuMTYzMjEgMTAuNjY4MSA2LjA0MTA0IDEwLjY2ODFIMTIuOTA2OUwxMy4wMjU0IDEwLjY2NDdDMTMuOTI3NiAxMC42MTE2IDE0LjY4ODkgOS45NTYyMyAxNC44NjgxIDkuMDYwMzNMMTUuOTg3MSAzLjQ2NTU0TDE1Ljk5NzkgMy4zODg0M0MxNi4wMjUyIDMuMDU1NzUgMTUuNzk5MyAyLjc0ODEzIDE1LjQ2NDEgMi42ODEwOEMxNS4xMDMgMi42MDg4NyAxNC43NTE4IDIuODQzMDEgMTQuNjc5NiAzLjIwNDA1TDEzLjU2MDcgOC43OTg4NUwxMy41NDA4IDguODc0ODZDMTMuNDUyNCA5LjE0NjMxIDEzLjE5ODIgOS4zMzQ4IDEyLjkwNjkgOS4zMzQ4SDYuMDQxMDRMNS45NjU0NyA5LjMzMDUzQzUuNjkyMDQgOS4yOTk0OCA1LjQ2MjMgOS4xMDE4NiA1LjM5NDMxIDguODI5ODNMMy41NjU5MyAxLjUxNjM3TDMuNTY1OTEgMS41MTYzWk01LjUwMDAxIDExLjY2ODFDNC4zMDMzOSAxMS42NjgxIDMuMzMzMzUgMTIuNjM4MiAzLjMzMzM1IDEzLjgzNDhDMy4zMzMzNSAxNS4wMzE0IDQuMzAzMzkgMTYuMDAxNSA1LjUwMDAxIDE2LjAwMTVDNi42OTY2NCAxNi4wMDE1IDcuNjY2NjggMTUuMDMxNCA3LjY2NjY4IDEzLjgzNDhDNy42NjY2OCAxMi42MzgyIDYuNjk2NjQgMTEuNjY4MSA1LjUwMDAxIDExLjY2ODFaTTUuNTAwMDEgMTMuMDAxNUM1Ljk2MDI2IDEzLjAwMTUgNi4zMzMzNSAxMy4zNzQ1IDYuMzMzMzUgMTMuODM0OEM2LjMzMzM1IDE0LjI5NSA1Ljk2MDI2IDE0LjY2ODEgNS41MDAwMSAxNC42NjgxQzUuMDM5NzcgMTQuNjY4MSA0LjY2NjY4IDE0LjI5NSA0LjY2NjY4IDEzLjgzNDhDNC42NjY2OCAxMy4zNzQ1IDUuMDM5NzcgMTMuMDAxNSA1LjUwMDAxIDEzLjAwMTVaTTEzLjE2NjcgMTEuNjY4MUMxMS45NzAxIDExLjY2ODEgMTEgMTIuNjM4MiAxMSAxMy44MzQ4QzExIDE1LjAzMTQgMTEuOTcwMSAxNi4wMDE1IDEzLjE2NjcgMTYuMDAxNUMxNC4zNjMzIDE2LjAwMTUgMTUuMzMzMyAxNS4wMzE0IDE1LjMzMzMgMTMuODM0OEMxNS4zMzMzIDEyLjYzODIgMTQuMzYzMyAxMS42NjgxIDEzLjE2NjcgMTEuNjY4MVpNMTMuMTY2NyAxMy4wMDE1QzEzLjYyNjkgMTMuMDAxNSAxNCAxMy4zNzQ1IDE0IDEzLjgzNDhDMTQgMTQuMjk1IDEzLjYyNjkgMTQuNjY4MSAxMy4xNjY3IDE0LjY2ODFDMTIuNzA2NCAxNC42NjgxIDEyLjMzMzMgMTQuMjk1IDEyLjMzMzMgMTMuODM0OEMxMi4zMzMzIDEzLjM3NDUgMTIuNzA2NCAxMy4wMDE1IDEzLjE2NjcgMTMuMDAxNVpNOS4zNTAwMiAxLjMzNDc5QzkuNjkxOTEgMS4zMzQ3OSA5Ljk3MzY5IDEuNTkyMTUgMTAuMDEyMiAxLjkyMzcxTDEwLjAxNjcgMi4wMDE0NVY0LjAxODEySDEyQzEyLjM2ODIgNC4wMTgxMiAxMi42NjY3IDQuMzE2NiAxMi42NjY3IDQuNjg0NzlDMTIuNjY2NyA1LjAyNjY4IDEyLjQwOTMgNS4zMDg0NiAxMi4wNzc4IDUuMzQ2OTdMMTIgNS4zNTE0NkgxMC4wMTY3VjcuMzM0NzlDMTAuMDE2NyA3LjcwMjk4IDkuNzE4MiA4LjAwMTQ2IDkuMzUwMDIgOC4wMDE0NkM5LjAwODEyIDguMDAxNDYgOC43MjYzNCA3Ljc0NDA5IDguNjg3ODMgNy40MTI1NEw4LjY4MzM1IDcuMzM0NzlWNS4zNTE0Nkg2LjY2NjY4QzYuMjk4NDkgNS4zNTE0NiA2LjAwMDAyIDUuMDUyOTggNi4wMDAwMiA0LjY4NDc5QzYuMDAwMDIgNC4zNDI5IDYuMjU3MzggNC4wNjExMiA2LjU4ODkzIDQuMDIyNjFMNi42NjY2OCA0LjAxODEySDguNjgzMzVWMi4wMDE0NUM4LjY4MzM1IDEuNjMzMjcgOC45ODE4MyAxLjMzNDc5IDkuMzUwMDIgMS4zMzQ3OVoiIGZpbGw9IiMzNDZBRkYiLz4KPC9zdmc+);
    background-position: 7px 8px;
    background-size: 17px;
    background-repeat: no-repeat;
}

.add-to-cart__icon.disabled {
    background-image: url(data:image/svg+xml;base64,PHN2ZyB3aWR0aD0iMTYiIGhlaWdodD0iMTciIHZpZXdCb3g9IjAgMCAxNiAxNyIgZmlsbD0ibm9uZSIgeG1sbnM9Imh0dHA6Ly93d3cudzMub3JnLzIwMDAvc3ZnIj4KPHBhdGggZmlsbC1ydWxlPSJldmVub2RkIiBjbGlwLXJ1bGU9ImV2ZW5vZGQiIGQ9Ik0zLjU2NTkxIDEuNTE2M0MzLjM0MzI5IDAuNjI1OTk2IDIuNTQzMzUgMC4wMDE0NjQ4NCAxLjYyNTYzIDAuMDAxNDY0ODRIMC42NjY2NjdMMC41ODg5MTkgMC4wMDU5NUMwLjI1NzM2IDAuMDQ0NDYwMSAwIDAuMzI2MjQxIDAgMC42NjgxMzJDMCAxLjAzNjMyIDAuMjk4NDc3IDEuMzM0OCAwLjY2NjY2NyAxLjMzNDhIMS42MjU2M0wxLjcwMTIxIDEuMzM5MDdDMS45NzQ2NyAxLjM3MDExIDIuMjA0MzkgMS41Njc3MSAyLjI3MjQxIDEuODM5NzZMMi4yNzI0MyAxLjgzOTg0TDQuMTAwNzggOS4xNTMxOUw0LjEzMzA0IDkuMjY3NzhDNC4zOTMxMSAxMC4wOTY2IDUuMTYzMjEgMTAuNjY4MSA2LjA0MTA0IDEwLjY2ODFIMTIuOTA2OUwxMy4wMjU0IDEwLjY2NDdDMTMuOTI3NiAxMC42MTE2IDE0LjY4ODkgOS45NTYyMyAxNC44NjgxIDkuMDYwMzNMMTUuOTg3MSAzLjQ2NTU0TDE1Ljk5NzkgMy4zODg0M0MxNi4wMjUyIDMuMDU1NzUgMTUuNzk5MyAyLjc0ODEzIDE1LjQ2NDEgMi42ODEwOEMxNS4xMDMgMi42MDg4NyAxNC43NTE4IDIuODQzMDEgMTQuNjc5NiAzLjIwNDA1TDEzLjU2MDcgOC43OTg4NUwxMy41NDA4IDguODc0ODZDMTMuNDUyNCA5LjE0NjMxIDEzLjE5ODIgOS4zMzQ4IDEyLjkwNjkgOS4zMzQ4SDYuMDQxMDRMNS45NjU0NyA5LjMzMDUzQzUuNjkyMDQgOS4yOTk0OCA1LjQ2MjMgOS4xMDE4NiA1LjM5NDMxIDguODI5ODNMMy41NjU5MyAxLjUxNjM3TDMuNTY1OTEgMS41MTYzWk01LjUwMDAxIDExLjY2ODFDNC4zMDMzOSAxMS42NjgxIDMuMzMzMzUgMTIuNjM4MiAzLjMzMzM1IDEzLjgzNDhDMy4zMzMzNSAxNS4wMzE0IDQuMzAzMzkgMTYuMDAxNSA1LjUwMDAxIDE2LjAwMTVDNi42OTY2NCAxNi4wMDE1IDcuNjY2NjggMTUuMDMxNCA3LjY2NjY4IDEzLjgzNDhDNy42NjY2OCAxMi42MzgyIDYuNjk2NjQgMTEuNjY4MSA1LjUwMDAxIDExLjY2ODFaTTUuNTAwMDEgMTMuMDAxNUM1Ljk2MDI2IDEzLjAwMTUgNi4zMzMzNSAxMy4zNzQ1IDYuMzMzMzUgMTMuODM0OEM2LjMzMzM1IDE0LjI5NSA1Ljk2MDI2IDE0LjY2ODEgNS41MDAwMSAxNC42NjgxQzUuMDM5NzcgMTQuNjY4MSA0LjY2NjY4IDE0LjI5NSA0LjY2NjY4IDEzLjgzNDhDNC42NjY2OCAxMy4zNzQ1IDUuMDM5NzcgMTMuMDAxNSA1LjUwMDAxIDEzLjAwMTVaTTEzLjE2NjcgMTEuNjY4MUMxMS45NzAxIDExLjY2ODEgMTEgMTIuNjM4MiAxMSAxMy44MzQ4QzExIDE1LjAzMTQgMTEuOTcwMSAxNi4wMDE1IDEzLjE2NjcgMTYuMDAxNUMxNC4zNjMzIDE2LjAwMTUgMTUuMzMzMyAxNS4wMzE0IDE1LjMzMzMgMTMuODM0OEMxNS4zMzMzIDEyLjYzODIgMTQuMzYzMyAxMS42NjgxIDEzLjE2NjcgMTEuNjY4MVpNMTMuMTY2NyAxMy4wMDE1QzEzLjYyNjkgMTMuMDAxNSAxNCAxMy4zNzQ1IDE0IDEzLjgzNDhDMTQgMTQuMjk1IDEzLjYyNjkgMTQuNjY4MSAxMy4xNjY3IDE0LjY2ODFDMTIuNzA2NCAxNC42NjgxIDEyLjMzMzMgMTQuMjk1IDEyLjMzMzMgMTMuODM0OEMxMi4zMzMzIDEzLjM3NDUgMTIuNzA2NCAxMy4wMDE1IDEzLjE2NjcgMTMuMDAxNVpNOS4zNTAwMiAxLjMzNDc5QzkuNjkxOTEgMS4zMzQ3OSA5Ljk3MzY5IDEuNTkyMTUgMTAuMDEyMiAxLjkyMzcxTDEwLjAxNjcgMi4wMDE0NVY0LjAxODEySDEyQzEyLjM2ODIgNC4wMTgxMiAxMi42NjY3IDQuMzE2NiAxMi42NjY3IDQuNjg0NzlDMTIuNjY2NyA1LjAyNjY4IDEyLjQwOTMgNS4zMDg0NiAxMi4wNzc4IDUuMzQ2OTdMMTIgNS4zNTE0NkgxMC4wMTY3VjcuMzM0NzlDMTAuMDE2NyA3LjcwMjk4IDkuNzE4MiA4LjAwMTQ2IDkuMzUwMDIgOC4wMDE0NkM5LjAwODEyIDguMDAxNDYgOC43MjYzNCA3Ljc0NDA5IDguNjg3ODMgNy40MTI1NEw4LjY4MzM1IDcuMzM0NzlWNS4zNTE0Nkg2LjY2NjY4QzYuMjk4NDkgNS4zNTE0NiA2LjAwMDAyIDUuMDUyOTggNi4wMDAwMiA0LjY4NDc5QzYuMDAwMDIgNC4zNDI5IDYuMjU3MzggNC4wNjExMiA2LjU4ODkzIDQuMDIyNjFMNi42NjY2OCA0LjAxODEySDguNjgzMzVWMi4wMDE0NUM4LjY4MzM1IDEuNjMzMjcgOC45ODE4MyAxLjMzNDc5IDkuMzUwMDIgMS4zMzQ3OVoiIGZpbGw9IiNBQUI1QzAiLz4KPC9zdmc+);
}

.add-to-cart__quantity {
    position: absolute;
    left: 17px;
    top: -8px;
    width: 20px;
    height: 20px;
    border-radius: 10px;
    background: #346aff;
    color: #ffffff;
    font-weight: 700;
    font-size: 11px;
    vertical-align: middle;
    text-align: center;
    display: flex;
    align-items: center;
    justify-content: center;
    opacity: 1;
    transition: opacity 0.25s linear;
}

.add-to-cart__quantity.hide {
    opacity: 0;
}

.add-to-cart__quantity.disabled {
    background: #aab5c0;
}

.dco-preview-sdp-button {
    position: relative;
    display: block;
    background: #fff;
    overflow: hidden;
    min-width: 32px;
    box-shadow: 0px 2px 2px rgba(0, 0, 0, 0.12), 0px 3px 1px -2px rgba(0, 0, 0, 0.1), 0px 1px 4px rgba(0, 0, 0, 0.16);
}

.preview-button-child-node {
    position: absolute;
    top: 50%;
    right: 7px;
    left: auto;
    bottom: auto;
    display: block;
    white-space: nowrap;
    min-width: 32px;
    z-index: 1;
}

.preview-button-child-node span {
    float: left;
}

.preview-sdp-icon {
    width: 18px;
    height: 14px;
    float: right;
}

.preview-button-last-item {
    margin-right: 4px;
}

.hidden-preview-button-text span {
    opacity: 0;
}
  </style>
  <script async="" charset="utf-8" data-requirecontext="coupangWeb" data-requiremodule="common/utils/validationUtils" src="/resources/20240530174127/np/js/modules/common/utils/validationUtils.js" type="text/javascript">
  </script>
  <script async="" charset="utf-8" data-requirecontext="coupangWeb" data-requiremodule="common/template/urlBuilder" src="/resources/20240530174127/np/js/modules/common/template/urlBuilder.js" type="text/javascript">
  </script>
  <script async="" charset="utf-8" data-requirecontext="coupangWeb" data-requiremodule="weblog" src="//asset2.coupangcdn.com/customjs/coupang-web-log/1.3.3/web-log.umd.min.js" type="text/javascript">
  </script>
  <script async="" charset="utf-8" data-requirecontext="coupangWeb" data-requiremodule="common/../../lib/mutation-observer/mutation-observer.min" src="/resources/20240530174127/np/js/modules/common/../../lib/mutation-observer/mutation-observer.min.js" type="text/javascript">
  </script>
  <script async="" charset="utf-8" data-requirecontext="coupangWeb" data-requiremodule="common/red-carpet/redCarpetWeblog" src="/resources/20240530174127/np/js/modules/common/red-carpet/redCarpetWeblog.js" type="text/javascript">
  </script>
  <script async="" charset="utf-8" data-requirecontext="coupangWeb" data-requiremodule="handlebars" src="//asset2.coupangcdn.com/cdnjs/handlebars.js/1.3.0/handlebars.min.js" type="text/javascript">
  </script>
  <script async="" charset="utf-8" data-requirecontext="coupangWeb" data-requiremodule="common/utils/pageType" src="/resources/20240530174127/np/js/modules/common/utils/pageType.js" type="text/javascript">
  </script>
  <script async="" charset="utf-8" data-requirecontext="coupangWeb" data-requiremodule="videojs" src="//asset2.coupangcdn.com/cdnjs/video.js/5.16.0/video.min.js" type="text/javascript">
  </script>
  <script async="" charset="utf-8" data-requirecontext="coupangWeb" data-requiremodule="cmgComponents/dist/pcSdpBanner" src="/resources/20240530174127/np/js/modules/cmgComponents/dist/pcSdpBanner.js" type="text/javascript">
  </script>
  <script async="" charset="utf-8" data-requirecontext="coupangWeb" data-requiremodule="fodiumWidgetLoader" src="//asset2.coupangcdn.com/customjs/fodium-widget-loader/1.0.1/fodiumWidgetLoader.min.js" type="text/javascript">
  </script>
  <script async="" charset="utf-8" data-requirecontext="coupangWeb" data-requiremodule="common/template/search/KeywordSearch" src="/resources/20240530174127/np/js/modules/common/template/search/KeywordSearch.js" type="text/javascript">
  </script>
  <script async="" charset="utf-8" data-requirecontext="coupangWeb" data-requiremodule="common/adsplatform/ViewableImpressionLogger" src="/resources/20240530174127/np/js/modules/common/adsplatform/ViewableImpressionLogger.js" type="text/javascript">
  </script>
  <script async="" charset="utf-8" data-requirecontext="coupangWeb" data-requiremodule="common/components/dist/promotion-widget" src="/resources/20240530174127/np/js/modules/common/components/dist/promotion-widget.js" type="text/javascript">
  </script>
  <script async="" charset="utf-8" data-requirecontext="coupangWeb" data-requiremodule="common/template/topBanner" src="/resources/20240530174127/np/js/modules/common/template/topBanner.js" type="text/javascript">
  </script>
  <script async="" charset="utf-8" data-requirecontext="coupangWeb" data-requiremodule="common/baseAction" src="/resources/20240530174127/np/js/modules/common/baseAction.js" type="text/javascript">
  </script>
  <script async="" charset="utf-8" data-requirecontext="coupangWeb" data-requiremodule="common/template/cartCount" src="/resources/20240530174127/np/js/modules/common/template/cartCount.js" type="text/javascript">
  </script>
  <script async="" charset="utf-8" data-requirecontext="coupangWeb" data-requiremodule="common/template/loginUrlHandler" src="/resources/20240530174127/np/js/modules/common/template/loginUrlHandler.js" type="text/javascript">
  </script>
  <script async="" charset="utf-8" data-requirecontext="coupangWeb" data-requiremodule="common/template/snsUserSubscriptionChecker" src="/resources/20240530174127/np/js/modules/common/template/snsUserSubscriptionChecker.js" type="text/javascript">
  </script>
  <script async="" charset="utf-8" data-requirecontext="coupangWeb" data-requiremodule="common/template/sideTopDownBtn" src="/resources/20240530174127/np/js/modules/common/template/sideTopDownBtn.js" type="text/javascript">
  </script>
  <script async="" charset="utf-8" data-requirecontext="coupangWeb" data-requiremodule="common/gnbClickCoulogger" src="/resources/20240530174127/np/js/modules/common/gnbClickCoulogger.js" type="text/javascript">
  </script>
  <script async="" charset="utf-8" data-requirecontext="coupangWeb" data-requiremodule="common/reporter/gaToWiseLogMaker" src="/resources/20240530174127/np/js/modules/common/reporter/gaToWiseLogMaker.js" type="text/javascript">
  </script>
  <script async="" charset="utf-8" data-requirecontext="coupangWeb" data-requiremodule="travel/LifeIsTooShort" src="/resources/20240530174127/np/js/modules/travel/LifeIsTooShort.js" type="text/javascript">
  </script>
  <script async="" charset="utf-8" data-requirecontext="coupangWeb" data-requiremodule="recentlyViewedProduct/recentlyController" src="/resources/20240530174127/np/js/modules/recentlyViewedProduct/recentlyController.js" type="text/javascript">
  </script>
  <script async="" charset="utf-8" data-requirecontext="coupangWeb" data-requiremodule="recentlyViewedProduct/recentGnbController" src="/resources/20240530174127/np/js/modules/recentlyViewedProduct/recentGnbController.js" type="text/javascript">
  </script>
  <script async="" charset="utf-8" data-requirecontext="coupangWeb" data-requiremodule="common/footerBanner" src="/resources/20240530174127/np/js/modules/common/footerBanner.js" type="text/javascript">
  </script>
  <script async="" charset="utf-8" data-requirecontext="coupangWeb" data-requiremodule="lodash" src="//asset2.coupangcdn.com/cdnjs/lodash.js/3.10.1/lodash.min.js" type="text/javascript">
  </script>
  <script async="" charset="utf-8" data-requirecontext="coupangWeb" data-requiremodule="common/reporter/queryStringAppender" src="/resources/20240530174127/np/js/modules/common/reporter/queryStringAppender.js" type="text/javascript">
  </script>
  <script async="" charset="utf-8" data-requirecontext="coupangWeb" data-requiremodule="common/template/search/SearchAdKeyword" src="/resources/20240530174127/np/js/modules/common/template/search/SearchAdKeyword.js" type="text/javascript">
  </script>
  <script async="" charset="utf-8" data-requirecontext="coupangWeb" data-requiremodule="common/template/search/SearchKeywordPopupLayer" src="/resources/20240530174127/np/js/modules/common/template/search/SearchKeywordPopupLayer.js" type="text/javascript">
  </script>
  <script async="" charset="utf-8" data-requirecontext="coupangWeb" data-requiremodule="common/utils/browserChecker" src="/resources/20240530174127/np/js/modules/common/utils/browserChecker.js" type="text/javascript">
  </script>
  <script async="" charset="utf-8" data-requirecontext="coupangWeb" data-requiremodule="search/searchWebLogSchemas" src="/resources/20240530174127/np/js/modules/search/searchWebLogSchemas.js" type="text/javascript">
  </script>
  <script async="" charset="utf-8" data-requirecontext="coupangWeb" data-requiremodule="search/utils/weblogUtils-min" src="/resources/20240530174127/np/js/modules/search/utils/weblogUtils-min.js" type="text/javascript">
  </script>
  <script async="" charset="utf-8" data-requirecontext="coupangWeb" data-requiremodule="videohls" src="//asset2.coupangcdn.com/cdnjs/videojs-contrib-hls/5.1.1/videojs-contrib-hls.js" type="text/javascript">
  </script>
  <style type="text/css">
   #sdp-mid-banner-btf.position-right-top-side{position:absolute;top:0;right:0}#sdp-mid-banner-btf.position-right-top-side .sdp-mid-banner{margin-top:50px;margin-left:20px}.sdp-mid-banner{font-size:12px;font-family:apple sd gothic neo,"\B9D1\C740   \ACE0\B515",malgun gothic,\\B098\B214\ACE0\B515,nanumgothic,\\B3CB\C6C0,dotum,sans-serif;color:#111;position:absolute;width:110px;padding:12px 12px 0;border-radius:4px;border:1px solid #dfdfdf;background-color:#fff;display:block}.sdp-mid-banner:active,.sdp-mid-banner:hover,.sdp-mid-banner:link,.sdp-mid-banner:visited{color:#111}.sdp-mid-banner,.sdp-mid-banner *{line-height:1;box-sizing:border-box}.sdp-mid-banner.fixed{position:fixed;top:0}.sdp-mid-banner .product-item{position:relative}.sdp-mid-banner .product-item .item-thumbnail{width:84px;height:84px;background-color:#d8d8d8;border-radius:4px;overflow:hidden;margin-bottom:12px}.sdp-mid-banner .product-item .item-thumbnail img{display:block;width:100%}.sdp-mid-banner .product-item .item-review-rating{white-space:nowrap;line-height:16px;margin-bottom:4px}.sdp-mid-banner .product-item .item-review-rating:after{content:"";clear:both;display:block;height:0}.sdp-mid-banner .product-item .item-review-rating .rating-stars{display:inline-block;vertical-align:top;background-repeat:no-repeat;background-position:0 -16px}.sdp-mid-banner .product-item .item-review-rating .rating-stars em{display:block;width:0;overflow:hidden;text-indent:-99em;background-repeat:no-repeat}.sdp-mid-banner .product-item .item-review-rating .rating-stars,.sdp-mid-banner .product-item .item-review-rating .rating-stars em{width:80px;height:16px;background-image:url("//static.coupangcdn.com/image/cmg/common/rating-star/type-C-5.png");background-repeat:no-repeat;background-size:80px 16px;background-size:80px 32px}.sdp-mid-banner .product-item .item-review-rating .rating-stars em{background-position:0 0}.sdp-mid-banner .product-item .item-review-rating .rating-count{vertical-align:middle}.sdp-mid-banner .product-item .item-badge{margin-bottom:4px}.sdp-mid-banner .product-item .item-badge .badge{display:inline-block;height:14px}.sdp-mid-banner .product-item .item-badge .badge img{height:100%}.sdp-mid-banner .product-item .item-title{overflow:hidden;max-height:1.25em;white-space:nowrap;text-overflow:ellipsis;display:block;-webkit-line-clamp:initial;-webkit-box-orient:initial}.sdp-mid-banner .product-item .item-review-count,.sdp-mid-banner .product-item .item-title{line-height:1.25em;margin-bottom:4px;font-size:12px}.sdp-mid-banner .product-item .item-review-count .rating-count{color:#a5a5a5}.sdp-mid-banner .product-item .item-review-count .rating-count:before{content:"("}.sdp-mid-banner .product-item .item-review-count .rating-count:after{content:")"}.sdp-mid-banner .product-item .item-price{line-height:1.25em;margin-bottom:4px;font-size:12px;color:#a00}.sdp-mid-banner .product-item .item-price .sale-price{font-weight:700}.sdp-mid-banner .product-item .item-price .sale-price:after{content:"\C6D0";font-weight:400}.sdp-mid-banner .info-marker{font-size:12px;color:#111;opacity:.3;line-height:15px;margin-bottom:8px}.sdp-mid-banner .item-link-button{margin:0 -13px -1px;overflow:hidden}.sdp-mid-banner .item-link-button .button{height:32px;padding:0;background-color:#50a0ff;color:#fff;border:0;font-weight:400;display:inline-block;white-space:nowrap;position:relative;text-align:center;line-height:32px;width:100%;font-weight:600;font-size:12px;display:block;border-radius:0 0 4px 4px;border:1px solid rgba(0,0,0,.15);border-top:0}.sdp-mid-banner .item-link-button .button:focus{outline:none}.sdp-mid-banner .item-link-button .button .button-icon,.sdp-mid-banner .item-link-button .button .button-text{display:inline-block;line-height:1em;vertical-align:middle}.sdp-mid-banner .item-link-button .button .button-text{vertical-align:middle}.sdp-mid-banner .item-link-button .button .button-icon{content:"";display:inline-block;width:6px;height:10px;background-image:url("//static.coupangcdn.com/image/cmg/common/sdp-mid-banner/arrow/arrow-white-small.png");background-repeat:no-repeat;background-size:6px 10px;vertical-align:middle;margin-top:-1px;margin-left:4px}.sdp-mid-banner .item-discount-rate{width:36px;height:20px;line-height:21px;border-radius:4px 0;background-color:#e52c0a;text-align:center;position:absolute;top:0;left:0}.sdp-mid-banner .item-discount-rate em{color:#fff;font-size:11px;font-weight:700;letter-spacing:-.4px;font-style:normal}.sdp-mid-banner .banner-title{font-size:14px;font-weight:600;letter-spacing:-.5px;color:#111;margin-bottom:12px;line-height:20px;white-space:nowrap}.sdp-mid-banner .banner-title strong{color:#f44336;font-weight:600}.sdp-bottom-banner{font-size:12px;font-family:apple sd gothic neo,"\B9D1\C740   \ACE0\B515",malgun gothic,\\B098\B214\ACE0\B515,nanumgothic,\\B3CB\C6C0,dotum,sans-serif;display:block;position:relative;padding-top:18px;margin-top:30px;border-top:1px solid #eee;z-index:10;background-color:#fff;color:#111}.sdp-bottom-banner:active,.sdp-bottom-banner:hover,.sdp-bottom-banner:visited{color:#111}.sdp-bottom-banner,.sdp-bottom-banner *{box-sizing:border-box}.sdp-bottom-banner em{font-style:normal}.sdp-bottom-banner .sdp-bottom-banner-header{position:relative;padding:18px 0}.sdp-bottom-banner .sdp-bottom-banner-header .banner-title{font-size:18px;font-weight:700;color:#000;line-height:20px}.sdp-bottom-banner .sdp-bottom-banner-header .info-marker{display:block;font-size:12px;line-height:20px;color:#111;opacity:.3;font-style:normal;position:absolute;top:18px;right:16px}.sdp-bottom-banner .banner-title{margin:0}.sdp-bottom-banner .banner-title .banner-title-icon,.sdp-bottom-banner .banner-title .banner-title-text{vertical-align:top}.sdp-bottom-banner>a.banner-link{position:relative;display:block;height:160px;background-color:#f4f6f8;border-radius:12px;cursor:pointer;padding:8px 50px 8px 152px}.sdp-bottom-banner>a.banner-link:active,.sdp-bottom-banner>a.banner-link:hover,.sdp-bottom-banner>a.banner-link:link,.sdp-bottom-banner>a.banner-link:visited{color:#111}.sdp-bottom-banner .sdp-bottom-banner-content{display:table;height:144px}.sdp-bottom-banner .sdp-bottom-banner-content .sdp-bottom-banner-info{display:table-cell;vertical-align:middle;height:100%;padding:0 32px}.sdp-bottom-banner .item-thumbnail{width:144px;height:144px;border-radius:8px;overflow:hidden;position:absolute;top:8px;left:8px}.sdp-bottom-banner .item-thumbnail img{display:block;width:100%}.sdp-bottom-banner .item-discount-rate{width:50px;height:28px;line-height:29.4px;border-radius:4px 0;background-color:#e52c0a;text-align:center;line-height:29px;position:absolute;top:8px;left:8px}.sdp-bottom-banner .item-discount-rate em{color:#fff;font-size:16px;font-weight:700;letter-spacing:-.4px;font-style:normal}.sdp-bottom-banner .item-rating{white-space:nowrap;line-height:24px;margin-bottom:12px;height:24px}.sdp-bottom-banner .item-rating:after{content:"";clear:both;display:block;height:0}.sdp-bottom-banner .item-rating .rating-stars{display:inline-block;vertical-align:top;background-repeat:no-repeat;background-position:0 -24px}.sdp-bottom-banner .item-rating .rating-stars em{display:block;width:0;overflow:hidden;text-indent:-99em;background-repeat:no-repeat}.sdp-bottom-banner .item-rating .rating-stars,.sdp-bottom-banner .item-rating .rating-stars em{width:120px;height:24px;background-image:url("//static.coupangcdn.com/image/cmg/common/rating-star/type-C-5.png");background-repeat:no-repeat;background-size:120px 24px;background-size:120px 48px}.sdp-bottom-banner .item-rating .rating-stars em{background-position:0 0}.sdp-bottom-banner .item-rating .rating-count{vertical-align:middle;margin-left:7px;vertical-align:top;font-size:18px;color:#888;line-height:26px;display:inline-block;height:24px}.sdp-bottom-banner .item-rating .rating-count:before{content:"("}.sdp-bottom-banner .item-rating .rating-count:after{content:")"}.sdp-bottom-banner .item-title{overflow:hidden;max-height:1.25em;white-space:nowrap;text-overflow:ellipsis;display:block;-webkit-line-clamp:initial;-webkit-box-orient:initial;max-width:650px;font-size:22px;color:#333;letter-spacing:-.9px}.sdp-bottom-banner .item-link-button{position:absolute;top:0;right:50px;width:56px;height:160px}.sdp-bottom-banner .item-link-button .button{position:absolute;top:52px;right:0;display:inline-block;width:56px;height:56px;border:0;background:transparent url("//static.coupangcdn.com/image/cmg/common/cta/circle-56.png") no-repeat;background-size:56px 56px;overflow:hidden;text-indent:-999px;white-space:nowrap}.sdp-bottom-banner .item-link-button .button:focus{outline:none}.sdp-bottom-mada-banner{font-size:12px;font-family:apple sd gothic neo,"\B9D1\C740   \ACE0\B515",malgun gothic,\\B098\B214\ACE0\B515,nanumgothic,\\B3CB\C6C0,dotum,sans-serif;position:relative;margin:auto;padding-top:30px;width:980px;background-color:#fff}.sdp-bottom-mada-banner a.mada-banner-link{display:block;cursor:pointer}.sdp-bottom-mada-banner .sdp-bottom-mada-banner-content{position:relative;min-height:58px}.sdp-bottom-mada-banner .sdp-bottom-mada-banner-content img{width:100%}.sdp-bottom-mada-banner .sdp-bottom-mada-banner-content .info-marker{position:absolute;left:20px;bottom:10px;font-size:10px;height:18px;line-height:18px;padding:0 5px;background:rgba(0,0,0,.3);color:#fff}
  </style>
  <script async="" charset="utf-8" data-requirecontext="coupangWeb" data-requiremodule="//reco.coupang.com/resources/20240531110832/bundle/desktop/widgets/sdp/AlsoViewedProducts.js" src="//reco.coupang.com/resources/20240531110832/bundle/desktop/widgets/sdp/AlsoViewedProducts.js" type="text/javascript">
  </script>
  <style type="text/css">
   .recommend-widget__item-clear-both{overflow:hidden;clear:both}.recommend-widget__summary-coupon-discount-wrapper{display:-ms-flexbox;display:flex;-ms-flex-pack:center;justify-content:center}.recommend-widget__item__coupon-without-amount{display:-ms-flexbox;display:flex;-ms-flex-negative:0;flex-shrink:0;-ms-flex-align:start;align-items:flex-start;margin-top:3px}.recommend-widget__item__coupon-with-amount{display:-ms-flexbox;display:flex;-ms-flex-wrap:wrap;flex-wrap:wrap;-ms-flex-negative:0;flex-shrink:0;-ms-flex-align:center;align-items:center;margin-top:3px}.recommend-widget__item__coupon-with-amount .recommend-widget__item__coupon-desc{padding-top:2px;line-height:15px}.recommend-widget__item__coupon-icon{position:relative;top:-2px;width:16px;height:16px;background-image:url("data:image/png;base64,iVBORw0KGgoAAAANSUhEUgAAACAAAAAgCAYAAABzenr0AAAACXBIWXMAABYlAAAWJQFJUiTwAAAAAXNSR0IArs4c6QAAAARnQU1BAACxjwv8YQUAAAElSURBVHgB7ZYxTgJREIb/eSGxdFuDiVxA3BtoKzbeQI6wNxBPYOEBdr2D2VY5gBrF2IoaKLQgxsLoCsM8YAkhJBBI3hS8r5j3djLJfpvNezOAx6MM5Zvv+OKAiU+wJNz5RNZ+w+/z3fxaRn07bSR2X7DhJz4vZdS7xgrw6FuI59dKZbVVKZeK6WPN2MQfTATn8I6NZvQUQAkDZdZXgJge7FqAY+SQJMbw5dZV48a5AIPPiulTbTLn8BdQc/rlbgWIm7PSzgTk+v2CpoBcv/svx2GgJiAEG1n3FIoC9hhEraPd+KMShjoCGHTL6j+69+3DcqQikCOzx56qQI4XMMPQS+AYaUp1u46H0o7MhUZGMyLaxBIMh9J3GUpvFyjm11l9weNRoQ8e7Vh3vpkqxgAAAABJRU5ErkJggg==");background-size:16px 16px;margin-right:4px;-ms-flex-negative:0;flex-shrink:0}.recommend-widget__item__coupon-desc{position:relative;top:0;font-size:12px;line-height:14px;color:#454f5b;font-weight:400;word-break:break-all}.recommend-widget__item__coupon-background{position:relative;display:-ms-flexbox;display:flex;padding:3px 3px 2px 5px;margin-right:9px;box-sizing:border-box;height:20px;border-radius:2px 0 0 2px;border-top:1px solid #fcd2cb;border-bottom:1px solid #fcd2cb;border-left:1px solid #fcd2cb;background:#fce9e6;color:#cb1400;font-size:12px;font-style:normal;font-weight:700;line-height:15px}.recommend-widget__item__coupon-background:after{position:absolute;top:-1px;right:-5px;width:5px;height:20px;content:"";background-image:url("data:image/png;base64,iVBORw0KGgoAAAANSUhEUgAAAAoAAAAoCAYAAADHVmuAAAAACXBIWXMAABYlAAAWJQFJUiTwAAAAAXNSR0IArs4c6QAAAARnQU1BAACxjwv8YQUAAAC+SURBVHgB7dXBDcIwDAVQ/5QBggRzABtkBJiAsgFIwAwIsQPZgHaDsAl3emCBYhIQCKE29YlL61uiJ0dK7BjFZs5UF6AsUVj1d/aCKHzFLUkwUdQcuiz5KIEhxlKopZA6+GfYayZwzJTXQvjyujNmw4N10aMZWLxRBMIN9jb73lHV2ej8u1cJwaRF0OccCSGZ6zo1EkgAn4ptOv2sBe3q/FXlgpchA2bTVXg7IJOgKPD87GmpYiA0mfITIYyPB32pNbLZ8rjHAAAAAElFTkSuQmCC");background-size:5px 20px}.recommend-widget-review__has-discount-nudge{padding-top:10px!important}.sdp-also-viewed-products-widget{position:relative;width:980px;height:332px;margin:0 0 30px}.sdp-also-viewed-products-widget .recommend-widget-header{width:100%;height:18px;padding-bottom:14px;margin-bottom:20px}.sdp-also-viewed-products-widget .recommend-widget__title{float:left;font-size:18px;font-weight:700;color:#111}.sdp-also-viewed-products-widget .recommend-widget__page-counter{display:block;float:right;font-size:14px;font-family:Tahoma;color:#555}.sdp-also-viewed-products-widget .recommend-widget__page-counter em{font-weight:700;color:#111}.sdp-also-viewed-products-widget .recommend-widget__arrow-button{display:block;position:absolute;top:154px;width:36px;height:39px;background:url("https://static.coupangcdn.com/image/fodium/desktop/widget-sdp-alsoviewedproducts-20160622.png") no-repeat;text-indent:-9999em}.sdp-also-viewed-products-widget .recommend-widget__arrow-button.prev{left:0;background-position:-2px -43px}.sdp-also-viewed-products-widget .recommend-widget__arrow-button.prev:hover{background-position:-40px -2px}.sdp-also-viewed-products-widget .recommend-widget__arrow-button.next{right:0;background-position:-78px -2px}.sdp-also-viewed-products-widget .recommend-widget__arrow-button.next:hover{background-position:-2px -2px}.sdp-also-viewed-products-widget .recommend-widget__list{position:relative;width:900px;margin:0 auto;overflow:hidden}.sdp-also-viewed-products-widget .recommend-widget__list ul{width:9999px;overflow:hidden}.sdp-also-viewed-products-widget .recommend-widget__item{float:left;width:160px;position:relative;margin-right:10px;margin-left:10px}.sdp-also-viewed-products-widget .recommend-widget__item a{display:inline-block;width:160px;height:auto;cursor:pointer}.sdp-also-viewed-products-widget .recommend-widget__item a:hover .recommend-widget__item__title{text-decoration:underline}.sdp-also-viewed-products-widget .recommend-widget__item__image{width:160px;height:160px}.sdp-also-viewed-products-widget .recommend-widget__item__coupick-badge{margin-top:12px}.sdp-also-viewed-products-widget .recommend-widget__item__coupick-badge img{height:20px}.sdp-also-viewed-products-widget .recommend-widget__item__title{display:block;display:-webkit-box;padding:12px 0 0;font-size:12px;color:#111;font-weight:400;overflow:hidden;text-overflow:ellipsis;-webkit-line-clamp:3}.sdp-also-viewed-products-widget .recommend-widget__item__review{width:100%;height:13px;padding-top:12px;overflow:hidden;clear:both}.sdp-also-viewed-products-widget .recommend-widget__item__review-score-bg{display:block;float:left;width:76px;height:13px;background:url("https://static.coupangcdn.com/image/fodium/desktop/widget-sdp-alsoviewedproducts-20160622.png") no-repeat;background-position:-39px -43px;text-indent:-9999px}.sdp-also-viewed-products-widget .recommend-widget__item__review-score{display:block;width:76px;height:13px;background:url("https://static.coupangcdn.com/image/fodium/desktop/widget-sdp-alsoviewedproducts-20160622.png") no-repeat;background-position:-39px -58px;text-indent:-9999px}.sdp-also-viewed-products-widget .recommend-widget__item__review-count{display:block;float:left;line-height:1;margin-left:4px;font-family:Tahoma;font-weight:400;font-size:12px;color:#888}.sdp-also-viewed-products-widget .recommend-widget__item__price{display:block;float:left;line-height:1;margin-top:12px;color:#ae0000;font-weight:700;font-size:12px;overflow:hidden;clear:both}.sdp-also-viewed-products-widget .recommend-widget__item__price em{font-family:Tahoma;font-weight:700;font-size:14px}.sdp-also-viewed-products-widget .recommend-widget__item__badge-wrap{float:left;margin-top:11px;margin-left:4px;overflow:hidden}.sdp-also-viewed-products-widget .recommend-widget__item__badge-wrap__badge{height:14px;width:auto}.sdp-also-viewed-products-widget .recommend-widget__item__global-purchase-badge,.sdp-also-viewed-products-widget .recommend-widget__item__rocket-delivery-badge,.sdp-also-viewed-products-widget .recommend-widget__item__rocket-install-badge{height:14px}.sdp-also-viewed-products-widget .recommend-widget__item__unit-price-container{padding-top:3px;clear:both}.sdp-also-viewed-products-widget .recommend-widget__item__unit-price{color:#ae0000;font-size:11px}.sdp-also-viewed-products-widget.new-recommendation-style .recommend-widget__list{width:100%}.sdp-also-viewed-products-widget.new-recommendation-style .recommend-widget__arrow-button{top:108px;width:44px;height:60px;background:url("https://static.coupangcdn.com/image/fodium/desktop/widget-sdp-alsoviewedproducts-new-design-20170307.png") no-repeat;text-indent:-9999em}.sdp-also-viewed-products-widget.new-recommendation-style .recommend-widget__arrow-button.prev{left:0;background-position:-99px -2px}.sdp-also-viewed-products-widget.new-recommendation-style .recommend-widget__arrow-button.prev:hover{background-position:-195px -2px}.sdp-also-viewed-products-widget.new-recommendation-style .recommend-widget__arrow-button.prev.dimmed{background-position:-1px -2px}.sdp-also-viewed-products-widget.new-recommendation-style .recommend-widget__arrow-button.next{right:0;background-position:-143px -2px}.sdp-also-viewed-products-widget.new-recommendation-style .recommend-widget__arrow-button.next:hover{background-position:-240px -2px}.sdp-also-viewed-products-widget.new-recommendation-style .recommend-widget__arrow-button.next.dimmed{background-position:-47px -2px}.sdp-also-viewed-products-widget.new-recommendation-style .recommend-widget__item{width:172px;margin:0 30px 0 0}.sdp-also-viewed-products-widget.new-recommendation-style .recommend-widget__item a{width:172px}.sdp-also-viewed-products-widget.new-recommendation-style .recommend-widget__item a:hover .recommend-widget__item__title{color:#0073e9;text-decoration:underline}.sdp-also-viewed-products-widget.new-recommendation-style .recommend-widget__item .recommend-widget__item__image-wrap:hover .recommend-widget__item__image{border-color:#eee}.sdp-also-viewed-products-widget.new-recommendation-style .recommend-widget__item .recommend-widget__item__image-wrap:hover .recommend-widget__item__quick-view-icon{display:block}.sdp-also-viewed-products-widget.new-recommendation-style .recommend-widget__item__image{width:170px;height:170px;border:1px solid transparent}.sdp-also-viewed-products-widget.new-recommendation-style .recommend-widget__item__review-score-bg{background:url("https://static.coupangcdn.com/image/fodium/desktop/widget-sdp-alsoviewedproducts-new-design-20170307.png") no-repeat;background-position:-1px -65px;text-indent:-9999px}.sdp-also-viewed-products-widget.new-recommendation-style .recommend-widget__item__review-score{background:url("https://static.coupangcdn.com/image/fodium/desktop/widget-sdp-alsoviewedproducts-new-design-20170307.png") no-repeat;background-position:-1px -80px}.sdp-also-viewed-products-widget.new-recommendation-style .recommend-widget__item__quick-view-icon{display:none;position:absolute;top:120px;left:41px;width:90px;height:37px;background:url("https://static.coupangcdn.com/image/fodium/common/quick-view-btn.png") no-repeat}
  </style>
  <meta content="AwnOWg2dzaxHPelVjqOT/Y02cSxnG2FkjXO7DlX9VZF0eyD0In8IIJ9fbDFZGXvxNvn6HaF51qFHycDGLOkj1AUAAACAeyJvcmlnaW4iOiJodHRwczovL2NyaXRlby5jb206NDQzIiwiZmVhdHVyZSI6IlByaXZhY3lTYW5kYm94QWRzQVBJcyIsImV4cGlyeSI6MTY5NTE2Nzk5OSwiaXNTdWJkb21haW4iOnRydWUsImlzVGhpcmRQYXJ0eSI6dHJ1ZX0=" http-equiv="origin-trial"/>
  <!-- skip navigator -->
  <nav id="skip-navigation">
   <h2>
    스킵 네비게이션
   </h2>
   <a href="#login">
    #로그인 바로가기
   </a>
   <a href="#header">
    #메뉴 바로가기
   </a>
   <a href="#gnbAnalytics">
    #카테고리 바로가기
   </a>
   <a href="#contents">
    #본문 바로가기
   </a>
  </nav>
  <hr/>
  <div id="browserSupportWrap" style="display: none">
   <div class="bs-wrap">
    <p class="bs-message">
     고객님의 브라우저에서는 쿠팡이 정상 동작하지 않습니다.
     <br/>
     인터넷 익스플로러 업데이트, 크롬 또는 파이어폭스 브라우저를 설치하세요.
    </p>
    <ul class="bs-browser-download">
     <li class="ie">
      <a href="https://windows.microsoft.com/ko-kr/internet-explorer/download-ie" target="_blank">
       인터넷 익스플로러
       <br/>
       <em>
        업데이트하기
       </em>
      </a>
     </li>
     <li class="chrome">
      <a href="https://www.google.com/chrome/browser/desktop/index.html" target="_blank">
       크롬
       <br/>
       <em>
        설치하기
       </em>
      </a>
     </li>
     <li class="firefox">
      <a href="https://www.mozilla.org/ko/firefox/new/" target="_blank">
       파이어폭스
       <br/>
       <em>
        설치하기
       </em>
      </a>
     </li>
    </ul>
   </div>
  </div>
  <script>
   try {
        var DEP_IE_VER = 10;
        var uam = navigator.userAgent.match(/MSIE\s+(\d+)/);
        if (uam && uam.length >= 2 && parseInt(uam[1]) <= DEP_IE_VER) {
            document.getElementById('browserSupportWrap').style.display = 'block';
        }
    } catch (err) {
        console.log(err);
    }
  </script>
  <div class="renewal product srp-sync srp-sync-brand" id="container">
   <div class="renewal-header noneab48732 applyNewGNBIcons" data-disable-sdp-sticky-gnb="true" data-move-sign-in-to-my-coupang="false" data-show-responsive-gnb="false" id="full-gnb-header">
    <header class="" id="header">
     <section style="padding-left: 12px;">
      <div class="clearFix search-form-wrap">
       <span class="logo">
        <a data-log-props='{ "id": "coupang_logo" }' href="/" title="Coupang - 내가 잘사는 이유">
         <img alt="쿠팡로고" height="41" src="//image7.coupangcdn.com/image/coupang/common/logo_coupang_w350.png" width="174"/>
        </a>
       </span>
       <div class="search-form product-search clearFix">
        <form action="/np/search" data-actionurl="/np/search" id="headerSearchForm" method="get">
         <fieldset>
          <legend>
           상품검색
          </legend>
          <div class="header-searchForm">
           <div class="select--category">
            <a class="select--category--button" href="#">
            </a>
            <a class="select--category__current" data-linkcode="" href="#" id="currentCategoryText">
             전체
            </a>
           </div>
           <select class="search_category_filter" data-name="" id="searchCategories">
            <option value="-1">
             전체
            </option>
            <option data-category-id="186664" value="/np/categories/186764">
             여성패션
            </option>
            <option data-category-id="186969" value="/np/categories/187069">
             남성패션
            </option>
            <option data-category-id="502893" value="/np/categories/502993">
             남녀 공용 의류
            </option>
            <option data-category-id="213101" value="/np/categories/213201">
             유아동패션
            </option>
            <option data-category-id="176422" value="/np/categories/176522">
             뷰티
            </option>
            <option data-category-id="221834" value="/np/categories/221934">
             출산/유아동
            </option>
            <option data-category-id="194176" value="/np/categories/194276">
             식품
            </option>
            <option data-category-id="185569" value="/np/categories/185669">
             주방용품
            </option>
            <option data-category-id="115573" value="/np/categories/115673">
             생활용품
            </option>
            <option data-category-id="184455" value="/np/categories/184555">
             홈인테리어
            </option>
            <option data-category-id="178155" value="/np/categories/178255">
             가전디지털
            </option>
            <option data-category-id="317678" value="/np/categories/317778">
             스포츠/레저
            </option>
            <option data-category-id="183960" value="/np/categories/184060">
             자동차용품
            </option>
            <option data-category-id="317677" value="/np/categories/317777">
             도서/음반/DVD
            </option>
            <option data-category-id="317679" value="/np/categories/317779">
             완구/취미
            </option>
            <option data-category-id="177195" value="/np/categories/177295">
             문구/오피스
            </option>
            <option data-category-id="115574" value="/np/categories/115674">
             반려동물용품
            </option>
            <option data-category-id="305698" value="/np/categories/305798">
             헬스/건강식품
            </option>
            <option data-category-id="396363" value="/np/categories/396463">
             국내여행
            </option>
            <option data-category-id="396364" value="/np/categories/396464">
             해외여행
            </option>
            <option data-category-id="510344" value="/np/campaigns/18530">
             로켓럭셔리
            </option>
            <option data-category-id="462089" value="/np/campaigns/3884">
             로켓설치
            </option>
            <option data-category-id="564262" value="/np/campaigns/20167">
             쿠팡 프리미엄
            </option>
            <option data-category-id="429673" value="/np/campaigns/2318">
             공간별 집꾸미기
            </option>
            <option data-category-id="508108" value="/np/campaigns/13570">
             헬스케어 전문관
            </option>
            <option data-category-id="414285" value="/np/campaigns/1440">
             쿠팡 Only
            </option>
            <option data-category-id="433684" value="/np/categories/433784">
             싱글라이프
            </option>
            <option data-category-id="507973" value="/np/campaigns/11354">
             악기전문관
            </option>
            <option data-category-id="416030" value="/np/categories/416130">
             결혼준비
            </option>
            <option data-category-id="410173" value="/np/categories/410273">
             아트/공예
            </option>
            <option data-category-id="397155" value="/np/campaigns/17593">
             미세먼지용품
            </option>
            <option data-category-id="316068" value="/np/categories/316168">
             홈카페
            </option>
            <option data-category-id="383270" value="/np/categories/383370">
             실버스토어
            </option>
            <option data-category-id="510297" value="/np/campaigns/17993">
             로켓펫닥터
            </option>
           </select>
           <input id="searchSelectedCategory" name="component" type="hidden" value=""/>
           <label for="headerSearchKeyword">
            <input autocomplete="off" class="coupang-search" data-searchad='{"channel":"", "copy":"찾고 싶은 상품을 검색해보세요!", "linkType":"", "linkContent":"", "newWindow":""}' id="headerSearchKeyword" name="q" placeholder="찾고 싶은 상품을 검색해보세요!" title="쿠팡 상품 검색" type="text" value=""/>
           </label>
          </div>
          <input name="channel" type="hidden" value="user"/>
          <a class="search" href="javascript:;" id="headerSearchBtn" title="검색">
           검색
          </a>
         </fieldset>
        </form>
        <div class="popularity-words" id="headerPopupWords">
        </div>
        <div class="history-btns">
         <span class="delete-all-kwdhistory del-button">
          전체삭제
         </span>
         <span class="history-onoff on">
          최근검색어끄기
         </span>
        </div>
       </div>
       <ul class="icon-menus">
        <li class="my-coupang more">
         <a data-log-props='{ "id": "mycoupang" }' href="https://mc.coupang.com/ssr/desktop/order/list">
          <span class="my-coupang-icon gnb-icon-item">
           <img height="30" src="https://static.coupangcdn.com/image/coupang/common/pc_header_img_sprite_new_gnb.svg#person" width="30"/>
          </span>
          <span class="my-coupang-title">
           마이쿠팡
          </span>
         </a>
         <p class="my-coupang-menu">
          <span class="wrapper">
           <i class="speech-icon">
           </i>
           <a data-log-props='{ "id": "mycoupang_1" }' href="https://mc.coupang.com/ssr/desktop/order/list">
            주문목록
           </a>
           <a data-log-props='{ "id": "mycoupang_2" }' href="https://mc.coupang.com/ssr/desktop/cancel-return-exchange/list">
            취소/반품
           </a>
           <a data-log-props='{ "id": "mycoupang_4" }' href="//wish-web.coupang.com/wishInitView.pang">
            찜 리스트
           </a>
           <a class="subscription-menu-a" data-log-props='{ "id": "mycoupang_5" }' href="https://subscribe-order.coupang.com/manage/subs.pang
    ">
            <span class="subscription-menu-label">
             정기배송
            </span>
            <span class="subscription-menu-warning-icon">
            </span>
           </a>
          </span>
         </p>
        </li>
        <li class="cart more">
         <a class="mycart-preview-module" data-log-props='{ "id": "cart" }' href="//cart.coupang.com/cartView.pang">
          <span class="cart-icon gnb-icon-item">
           <img height="28" src="https://static.coupangcdn.com/image/coupang/common/pc_header_img_sprite_new_gnb.svg#cart" width="28"/>
          </span>
          <span class="cart-title">
           장바구니
          </span>
          <em id="headerCartCount">
          </em>
         </a>
         <div id="mycart-preview">
          <span class="wrapper">
           <i class="speech-icon">
           </i>
           <ul class="mycart-preview-products">
           </ul>
          </span>
         </div>
        </li>
       </ul>
      </div>
      <div class="gnb-menu-container" id="gnb-menu-container" style="overflow: hidden;">
       <div class="gnb-menu-btn gnb-menu-btn-left" style="display: inline-block;">
       </div>
       <ul class="gnb-menu-scroll gnb-menu-animation">
        <li class="gnb-menu-item">
         <a class="" data-log-props='{ "id":"gnb_menu_item_GNB_V2", "param":{"sectionId":"coupangplay"} }' href="https://www.coupangplay.com/catalog" target="_blank">
          <img class="gnb-menu-item__icon" src="//image7.coupangcdn.com/image/coupang/common/coupang_play_logo_2024@3x.png"/>
          <span>
           쿠팡플레이
          </span>
         </a>
        </li>
        <li class="gnb-menu-item">
         <a class="" data-log-props='{ "id":"gnb_menu_item_GNB_V2", "param":{"sectionId":"rocketdelivery"} }' href="https://www.coupang.com/np/campaigns/82">
          <img class="gnb-menu-item__icon" src="//image10.coupangcdn.com/image/coupang/rds/logo/xxhdpi/logo_rocket_symbol_large.png"/>
          <span>
           로켓배송
          </span>
         </a>
        </li>
        <li class="gnb-menu-item">
         <a class="" data-log-props='{ "id":"gnb_menu_item_GNB_V2", "param":{"sectionId":"rocketfresh"} }' href="https://www.coupang.com/np/categories/393760">
          <img class="gnb-menu-item__icon" src="//image9.coupangcdn.com/image/coupang/common/pc_header_rocket_fresh_1x.png"/>
          <span>
           로켓프레시
          </span>
         </a>
        </li>
        <li class="gnb-menu-item">
         <a class="" data-log-props='{ "id":"gnb_menu_item_GNB_V2", "param":{"sectionId":"businessmall_landing"} }' href="https://login.coupang.com/corporation/member/landing-page">
          <img class="gnb-menu-item__icon" src="//image6.coupangcdn.com/image/coupang/common/logoBizonlyBrown.png"/>
          <span>
           쿠팡비즈
          </span>
         </a>
        </li>
        <li class="gnb-menu-item">
         <a class="" data-log-props='{ "id":"gnb_menu_item_GNB_V2", "param":{"sectionId":"coupangglobal"} }' href="https://www.coupang.com/np/coupangglobal">
          <img class="gnb-menu-item__icon" src="//image6.coupangcdn.com/image/coupang/home/icons/Overseas.png"/>
          <span>
           로켓직구
          </span>
         </a>
        </li>
        <li class="gnb-menu-item">
         <a class="" data-log-props='{ "id":"gnb_menu_item_GNB_V2", "param":{"sectionId":"gold_box"} }' href="https://www.coupang.com/np/goldbox">
          <span>
           골드박스
          </span>
         </a>
        </li>
        <li class="gnb-menu-item">
         <a class="" data-log-props='{ "id":"gnb_menu_item_GNB_V2", "param":{"sectionId":"subscription"} }' href="https://www.coupang.com/np/campaigns/83">
          <span>
           와우회원할인
          </span>
         </a>
        </li>
        <li class="gnb-menu-item">
         <a class="" data-log-props='{ "id":"gnb_menu_item_GNB_V2", "param":{"sectionId":"coupangbenefit"} }' href="https://www.coupang.com/np/coupangbenefit">
          <span>
           이벤트/쿠폰
          </span>
         </a>
        </li>
        <li class="gnb-menu-item">
         <a class="" data-log-props='{ "id":"gnb_menu_item_GNB_V2", "param":{"sectionId":""} }' href="https://pages.coupang.com/p/54908">
          <img class="gnb-menu-item__icon" src="//image10.coupangcdn.com/image/coupang/home/icons/RETURNED_MARKET_B@2x.png"/>
          <span>
           반품마켓
          </span>
         </a>
        </li>
        <li class="gnb-menu-item">
         <a class="" data-log-props='{ "id":"gnb_menu_item_GNB_V2", "param":{"sectionId":""} }' href="https://pages.coupang.com/p/63240">
          <img class="gnb-menu-item__icon" src="//image9.coupangcdn.com/image/coupang/common/icon_government_promotion.png"/>
          <span>
           착한상점
          </span>
          <i class="ic-new" data-new-tag-exposure-mills="0">
          </i>
         </a>
        </li>
        <li class="gnb-menu-item">
         <a class="" data-log-props='{ "id":"gnb_menu_item_GNB_V2", "param":{"sectionId":"exhibition"} }' href="https://pages.coupang.com/p/bep">
          <span>
           기획전
          </span>
         </a>
        </li>
        <li class="gnb-menu-item">
         <a class="" data-log-props='{ "id":"gnb_menu_item_GNB_V2", "param":{"sectionId":""} }' href="https://trip.coupang.com?channel=gnb">
          <img class="gnb-menu-item__icon" src="//image9.coupangcdn.com/image/coupang/common/icon_travel.png"/>
          <span>
           여행/티켓
          </span>
          <i class="ic-new" data-new-tag-exposure-mills="0">
          </i>
         </a>
        </li>
       </ul>
       <div class="gnb-menu-btn gnb-menu-btn-right gnb-menu-btn-active" style="display: inline-block;">
       </div>
       <script type="text/javascript">
        (function() {
            var activeClass = 'gnb-menu-btn-active';
            var container = document.querySelector('#gnb-menu-container');
            var menu = container.querySelector('.gnb-menu-scroll');
            var section = document.querySelector('#header >section');
            var leftBtn = document.querySelector('.gnb-menu-btn-left');
            var rightBtn = document.querySelector('.gnb-menu-btn-right');
            var BTN_WIDTH = 22;
            var MARGIN = 2;
            var exceededWidth = 0;
            var inited = false;

            window.addEventListener('resize', init);
            init();


            function init() {
                if (menu.clientWidth > container.clientWidth) {
                    exceededWidth = menu.clientWidth - container.clientWidth;

                    showBtns();
                    addEventListenersToBtns();
                } else if (inited) {
                    hideBtns();
                }
                inited = true;
            }

            function setBtnActive(btn) {
                if (btn.className.indexOf(activeClass) === -1) {
                    btn.className += ' ' + activeClass;
                }
            }
            function removeBtnActive(btn) {
                return btn.className
                    .replace(activeClass, '')
                    .trim();
            }

            /**
                * display the scroll buttons
                */
            function showBtns() {
                var btns = document.querySelectorAll('.gnb-menu-btn');
                btns.forEach(function(btn) {
                    btn.style.display = 'inline-block';
                });

                // rightBtn is default active
                setBtnActive(rightBtn);

                container.style.overflow = 'hidden';
                
                    section.style.paddingLeft='12px'
                

                // For css animation
                const animationClass = 'gnb-menu-animation';
                if (menu.className.indexOf(animationClass) === -1) {
                    menu.className += ' ' + animationClass;
                }
            }
            function hideBtns() {
                var btns = document.querySelectorAll('.gnb-menu-btn');
                btns.forEach(function(btn) {
                    btn.style.display = 'none';
                    btn.className = removeBtnActive(btn);
                });
                container.style.overflow = 'visible';
                menu.style.left = '';
                
                    section.style.paddingLeft=''
                
            }

            function addEventListenersToBtns() {
                leftBtn.addEventListener(
                    'click',
                    scrollToEdge('left', leftBtn, rightBtn)
                );
                rightBtn.addEventListener(
                    'click',
                    scrollToEdge('right', leftBtn, rightBtn)
                );
            }

            function scrollToEdge(direction, leftBtn, rightBtn) {
                return function() {
                    if (direction === 'left') {
                        menu.style.left = BTN_WIDTH + 'px';
                        leftBtn.className = removeBtnActive(leftBtn);
                        setBtnActive(rightBtn);
                    }
                    if (direction === 'right') {
                        menu.style.left = -(exceededWidth + BTN_WIDTH + MARGIN) + 'px';
                        rightBtn.className = removeBtnActive(rightBtn);
                        setBtnActive(leftBtn);
                    }
                }
            }
        })();
       </script>
      </div>
     </section>
     <div class="category-btn category-2depth-active">
      <a href="javascript:;">
       카테고리
      </a>
     </div>
    </header>
    <article class="top-bar">
     <section class="clearFix">
      <menu id="headerMenu">
       <li class="log" id="login">
        <a class="login" data-log-props='{ "id":"login_GNB_V2"}' data-replaced="true" href="https://login.coupang.com/login/sso/login.pang?rtnUrl=https%3A%2F%2Fwww.coupang.com%2Fnp%2Fpost%2Flogin%3Fr%3D">
         로그인
        </a>
       </li>
       <li class="join" id="join">
        <a data-log-props='{ "id":"member_register_GNB_V2"}' href="https://login.coupang.com/login/memberJoinFrm.pang">
         회원가입
        </a>
       </li>
       <li class="cs-center more">
        <a data-log-props='{ "id":"customer_center" }' href="https://mc.coupang.com/ssr/desktop/contact/faq">
         고객센터
        </a>
        <p>
         <a data-log-props='{ "id":"customer_center_1" }' href="https://mc.coupang.com/ssr/desktop/contact/faq">
          자주묻는 질문
         </a>
         <a data-log-props='{ "id":"customer_center_3" }' href="https://mc.coupang.com/ssr/desktop/contact/inquiry">
          1:1 채팅문의
         </a>
         <a data-log-props='{ "id":"customer_center_2" }' href="https://mc.coupang.com/ssr/desktop/contact/voc">
          고객의 소리
         </a>
         <a data-log-props='{ "id":"customer_center_4" }' href="https://www.coupang.com/returnPolicy.pang">
          취소 / 반품 안내
         </a>
        </p>
       </li>
      </menu>
      <menu id="subscribeHeader">
       <li class="">
        <a class="bookmark" data-log-props='{ "id": "add_to_favorites" }'>
         즐겨찾기
        </a>
       </li>
       <li class="vendor-join more">
        <a class="dropdown_menu_flag">
         입점신청
         <i class="ic">
         </i>
        </a>
        <p>
         <a data-log-props='{ "id":"seller_page" }' href="https://marketplace.coupangcorp.com/s/?utm_source=button_pc&amp;utm_medium=non_paid&amp;utm_campaign=onsite_ca&amp;utm_id=coupang_app?inflow=WEB_HEADER_B" target="_blank">
          오픈마켓
         </a>
         <a data-log-props='{ "id":"travel_seller_page" }' href="https://with.coupang.com/contract/initialize?inflow=WEB_HEADER_B" target="_blank">
          여행·티켓
         </a>
         <a data-log-props='{ "id":"rocket_seller_page" }' href="https://supplier.coupang.com/welcome/join" target="_blank">
          로켓배송
         </a>
         <a data-log-props=' { "id":"affiliate_marketing_page" } ' href="https://partners.coupang.com" target="_blank">
          제휴마케팅
         </a>
        </p>
       </li>
      </menu>
     </section>
    </article>
   </div>
   <hr/>
   <div class="sdp-header-divider">
   </div>
   <section class="contents product contents-responsive" data-category-id="" data-changing-grading-description="false" data-is-subscribable="" data-item-id="" data-make-sdp-responsive="B" data-overseas-item-type="" data-product-id="227331483" data-reference='{"productId":"227331483","cartApiUrl":"//cart.coupang.com"}' data-vendor-item-id="" data-vendor-item-package-id="" id="contents">
    <div class="responsive-sdp-right-margin">
     <div id="sdp-mid-banner-btf" style="display: none;">
     </div>
     <div id="sdp-persistent-cart" style="display: none;">
     </div>
    </div>
    <div class="prod-atf">
     <ul class="new-breadcrumbs-style" id="breadcrumb">
      <li>
       <a class="breadcrumb-link" href="/">
        쿠팡 홈
       </a>
       <svg class="breadcrumb-arrow-icon" fill="none" height="13" viewbox="0 0 12 13" width="12" xmlns="http://www.w3.org/2000/svg">
        <path d="M3.8859 2.15732C4.0606 1.9717 4.34367 1.94925 4.54434 2.09575L4.59268 2.1359L8.84268 6.1359C9.03746 6.31922 9.05137 6.61975 8.88442 6.81982L8.84268 6.8641L4.59268 10.8641C4.3916 11.0534 4.07516 11.0438 3.8859 10.8427C3.7112 10.6571 3.70593 10.3732 3.86432 10.1817L3.90732 10.1359L7.77 6.50001L3.90732 2.8641C3.7217 2.6894 3.69925 2.40634 3.84575 2.20566L3.8859 2.15732Z" fill="#AAB5C0">
        </path>
       </svg>
      </li>
      <li>
       <a class="breadcrumb-link" data-gaclick='{"hitType":"event", "eventCategory":"breadcrumb", "eventAction":"click", "eventLabel":"", "eventValue":0}' href="/np/categories/305798" title="헬스/건강식품">
        헬스/건강식품
       </a>
       <svg class="breadcrumb-arrow-icon" fill="none" height="13" viewbox="0 0 12 13" width="12" xmlns="http://www.w3.org/2000/svg">
        <path d="M3.8859 2.15732C4.0606 1.9717 4.34367 1.94925 4.54434 2.09575L4.59268 2.1359L8.84268 6.1359C9.03746 6.31922 9.05137 6.61975 8.88442 6.81982L8.84268 6.8641L4.59268 10.8641C4.3916 11.0534 4.07516 11.0438 3.8859 10.8427C3.7112 10.6571 3.70593 10.3732 3.86432 10.1817L3.90732 10.1359L7.77 6.50001L3.90732 2.8641C3.7217 2.6894 3.69925 2.40634 3.84575 2.20566L3.8859 2.15732Z" fill="#AAB5C0">
        </path>
       </svg>
      </li>
      <li>
       <a class="breadcrumb-link" data-gaclick='{"hitType":"event", "eventCategory":"breadcrumb", "eventAction":"click", "eventLabel":"", "eventValue":0}' href="/np/categories/501555" title="곤약/방탄커피 외">
        곤약/방탄커피 외
       </a>
       <svg class="breadcrumb-arrow-icon" fill="none" height="13" viewbox="0 0 12 13" width="12" xmlns="http://www.w3.org/2000/svg">
        <path d="M3.8859 2.15732C4.0606 1.9717 4.34367 1.94925 4.54434 2.09575L4.59268 2.1359L8.84268 6.1359C9.03746 6.31922 9.05137 6.61975 8.88442 6.81982L8.84268 6.8641L4.59268 10.8641C4.3916 11.0534 4.07516 11.0438 3.8859 10.8427C3.7112 10.6571 3.70593 10.3732 3.86432 10.1817L3.90732 10.1359L7.77 6.50001L3.90732 2.8641C3.7217 2.6894 3.69925 2.40634 3.84575 2.20566L3.8859 2.15732Z" fill="#AAB5C0">
        </path>
       </svg>
      </li>
      <li>
       <a class="breadcrumb-link" data-gaclick='{"hitType":"event", "eventCategory":"breadcrumb", "eventAction":"click", "eventLabel":"", "eventValue":0}' href="/np/categories/502007" title="곤약/샐러드/가공">
        곤약/샐러드/가공
       </a>
       <svg class="breadcrumb-arrow-icon" fill="none" height="13" viewbox="0 0 12 13" width="12" xmlns="http://www.w3.org/2000/svg">
        <path d="M3.8859 2.15732C4.0606 1.9717 4.34367 1.94925 4.54434 2.09575L4.59268 2.1359L8.84268 6.1359C9.03746 6.31922 9.05137 6.61975 8.88442 6.81982L8.84268 6.8641L4.59268 10.8641C4.3916 11.0534 4.07516 11.0438 3.8859 10.8427C3.7112 10.6571 3.70593 10.3732 3.86432 10.1817L3.90732 10.1359L7.77 6.50001L3.90732 2.8641C3.7217 2.6894 3.69925 2.40634 3.84575 2.20566L3.8859 2.15732Z" fill="#AAB5C0">
        </path>
       </svg>
      </li>
      <li>
       <a class="breadcrumb-link" data-gaclick='{"hitType":"event", "eventCategory":"breadcrumb", "eventAction":"click", "eventLabel":"", "eventValue":0}' href="/np/categories/502024" title="닭가슴살/계란/낫또">
        닭가슴살/계란/낫또
       </a>
       <svg class="breadcrumb-arrow-icon" fill="none" height="13" viewbox="0 0 12 13" width="12" xmlns="http://www.w3.org/2000/svg">
        <path d="M3.8859 2.15732C4.0606 1.9717 4.34367 1.94925 4.54434 2.09575L4.59268 2.1359L8.84268 6.1359C9.03746 6.31922 9.05137 6.61975 8.88442 6.81982L8.84268 6.8641L4.59268 10.8641C4.3916 11.0534 4.07516 11.0438 3.8859 10.8427C3.7112 10.6571 3.70593 10.3732 3.86432 10.1817L3.90732 10.1359L7.77 6.50001L3.90732 2.8641C3.7217 2.6894 3.69925 2.40634 3.84575 2.20566L3.8859 2.15732Z" fill="#AAB5C0">
        </path>
       </svg>
      </li>
      <li>
       <a class="breadcrumb-link" data-gaclick='{"hitType":"event", "eventCategory":"breadcrumb", "eventAction":"click", "eventLabel":"", "eventValue":0}' href="/np/categories/502025" title="닭가슴살/안심">
        닭가슴살/안심
       </a>
      </li>
      <div class="flex-placeholder">
      </div>
     </ul>
     <div class="prod-atf-main">
      <script>
       function _logTTI(img){
        if(window.logTime) {
            logTime(img);
            window.logImageLoadTime && logImageLoadTime(img);
            // avoid invoke twice
            _logTTI = function () {
            };
        }
    }
      </script>
      <div class="prod-image" data-global-banner-fold="">
       <div class="prod-image-container" data-global-banner-fold="" data-sdp-atf-image-video-impression="B" data-sdp-zoom-in-ab-test="true" id="repImageContainer">
        <div class="prod-image__items">
         <div class="prod-image__item prod-image__item--active">
          <img alt="thumb image" class="lazy-load-img" data-src="//thumbnail7.coupangcdn.com/thumbnails/remote/48x48ex/image/retail/images/281730381654109-320fec20-bcf0-4875-aede-0596376b26da.jpg" onerror="this.src='//t1a.coupangcdn.com/thumbnails/remote/490x490/image/coupang/common/no_img_1000_1000.png';" src="//thumbnail7.coupangcdn.com/thumbnails/remote/48x48ex/image/retail/images/281730381654109-320fec20-bcf0-4875-aede-0596376b26da.jpg"/>
          <i class="prod-image__item__border">
          </i>
         </div>
         <div class="prod-image__item">
          <img alt="thumb image" class="lazy-load-img" data-src="//thumbnail7.coupangcdn.com/thumbnails/remote/48x48ex/image/retail/images/5061536962553-d1a7df12-8375-4b7b-8396-356b19e9b5e5.jpg" onerror="this.src='//t1a.coupangcdn.com/thumbnails/remote/490x490/image/coupang/common/no_img_1000_1000.png';" src="//thumbnail7.coupangcdn.com/thumbnails/remote/48x48ex/image/retail/images/5061536962553-d1a7df12-8375-4b7b-8396-356b19e9b5e5.jpg"/>
          <i class="prod-image__item__border">
          </i>
         </div>
         <div class="prod-image__item">
          <img alt="thumb image" class="lazy-load-img" data-src="//thumbnail8.coupangcdn.com/thumbnails/remote/48x48ex/image/retail/images/5064294520251-d9acc5aa-a5b6-4c6c-9f16-7813874d2d12.jpg" onerror="this.src='//t1a.coupangcdn.com/thumbnails/remote/490x490/image/coupang/common/no_img_1000_1000.png';" src="//thumbnail8.coupangcdn.com/thumbnails/remote/48x48ex/image/retail/images/5064294520251-d9acc5aa-a5b6-4c6c-9f16-7813874d2d12.jpg"/>
          <i class="prod-image__item__border">
          </i>
         </div>
         <div class="prod-image__item">
          <img alt="thumb image" class="lazy-load-img" data-src="//thumbnail7.coupangcdn.com/thumbnails/remote/48x48ex/image/retail/images/241286071897256-48dc1b97-3670-40b9-b6d1-a466d392ca05.jpg" onerror="this.src='//t1a.coupangcdn.com/thumbnails/remote/490x490/image/coupang/common/no_img_1000_1000.png';" src="//thumbnail7.coupangcdn.com/thumbnails/remote/48x48ex/image/retail/images/241286071897256-48dc1b97-3670-40b9-b6d1-a466d392ca05.jpg"/>
          <i class="prod-image__item__border">
          </i>
         </div>
         <div class="prod-image__item">
          <img alt="thumb image" class="lazy-load-img" data-src="//thumbnail8.coupangcdn.com/thumbnails/remote/48x48ex/image/retail/images/241285687043643-4794f8c2-23f7-495a-8dac-7b30622a63d3.jpg" onerror="this.src='//t1a.coupangcdn.com/thumbnails/remote/490x490/image/coupang/common/no_img_1000_1000.png';" src="//thumbnail8.coupangcdn.com/thumbnails/remote/48x48ex/image/retail/images/241285687043643-4794f8c2-23f7-495a-8dac-7b30622a63d3.jpg"/>
          <i class="prod-image__item__border">
          </i>
         </div>
         <div class="prod-image__item">
          <img alt="thumb image" class="lazy-load-img" data-src="//thumbnail10.coupangcdn.com/thumbnails/remote/48x48ex/image/retail/images/5458783255379302-627ead7b-61e0-4d26-9310-62b4c0a3a78f.jpg" onerror="this.src='//t1a.coupangcdn.com/thumbnails/remote/490x490/image/coupang/common/no_img_1000_1000.png';" src="//thumbnail10.coupangcdn.com/thumbnails/remote/48x48ex/image/retail/images/5458783255379302-627ead7b-61e0-4d26-9310-62b4c0a3a78f.jpg"/>
          <i class="prod-image__item__border">
          </i>
         </div>
         <div class="prod-image__item">
          <img alt="thumb image" class="lazy-load-img" data-src="//thumbnail7.coupangcdn.com/thumbnails/remote/48x48ex/image/retail/images/657825137347314-d74febb9-8ce1-4814-98ed-3a0ed9bbcaf0.jpg" onerror="this.src='//t1a.coupangcdn.com/thumbnails/remote/490x490/image/coupang/common/no_img_1000_1000.png';" src="//thumbnail7.coupangcdn.com/thumbnails/remote/48x48ex/image/retail/images/657825137347314-d74febb9-8ce1-4814-98ed-3a0ed9bbcaf0.jpg"/>
          <i class="prod-image__item__border">
          </i>
         </div>
        </div>
        <img alt="detail image" class="prod-image__detail" data-load-time="790.7999999523163" data-load-time-end="445" data-load-time-start="402.1999999284744" data-preload-img-src="//thumbnail7.coupangcdn.com/thumbnails/remote/230x230ex/image/retail/images/281730381654109-320fec20-bcf0-4875-aede-0596376b26da.jpg" data-tti="true" data-zoom-image-url="//image7.coupangcdn.com/image/retail/images/281730381654109-320fec20-bcf0-4875-aede-0596376b26da.jpg" onerror="this.src='//t1a.coupangcdn.com/thumbnails/remote/490x490/image/coupang/common/no_img_1000_1000.png';" onload="_logTTI(this)" src="//thumbnail7.coupangcdn.com/thumbnails/remote/492x492ex/image/retail/images/281730381654109-320fec20-bcf0-4875-aede-0596376b26da.jpg"/>
        <div class="click-img-education-msg" style="display: none;">
         더 크게 보려면 이미지를 클릭하세요
        </div>
        <div id="freebieImage" style="display: none;">
        </div>
        <div id="freebieBanner" style="display: none;">
        </div>
       </div>
       <div class="product-sticky-banner-clickable prod-sticky-banner" id="prodStickyBanner" style="display: none;">
       </div>
      </div>
      <div class="subscribe-banner">
      </div>
      <div class="prod-buy new-oos-style not-loyalty-member eligible-address dawn-only-product without-subscribe-buy-type DISPLAY_0 only-one-delivery fix-verdor-section-display prod-buy-alias update-price-section-style-with-rds" data-ab51588="A" data-change-quantity-picker-interaction="false" data-delayed-pdd-design-change="false" data-delivery-fee-toggle-status="false" data-display-rocket-luxury-delayed-pdd="false" data-fix-vendor-section-display="true" data-fresh-eligible="true" data-is-rocket-plus-2-description-change-target="true" data-move-atc-and-buy-now-ctas-atf="false" data-sdp-wish-new-tip="true" data-show-rating-details-upon-hover="false" data-tc-fix-option-table-delivery-fee="true" data-wow-benefit-sameday-delivery="">
       <div class="prod-buy-blocker">
        <div class="prod-buy-blocker__bg">
        </div>
        <div class="prod-buy-blocker__spinner">
        </div>
       </div>
       <div class="prod-title-badges">
        <span class="prod-pre-order-badge" style="display: none">
         <span class="prod-pre-order-badge-text">
         </span>
        </span>
       </div>
       <a class="prod-brand-name brandshop-link" data-brand-name="하림IFF" data-coulog='{"logCategory":"event", "logType":"click", "logLabel":"brandName", "customURL":"/click_sdp_brand_name", "extraParam":"page=SDP&amp;type=brandSDP&amp;contents=brandName&amp;productId=227331483&amp;vendorItemId=4822351124"}' data-shop-plus-link="https://shop.coupang.com/vid/brand-plus/A00054504/v1url/https%3A%2F%2Fwww.coupang.com%2Fnp%2Fproducts%2Fbrand-shop%3FbrandName%3D%ED%95%98%EB%A6%BCIFF?source=brandstore_sdp_atf_topbadge&amp;pid=227331483&amp;viid=4822351124&amp;platform=p" href="https://shop.coupang.com/vid/brand-plus/A00054504/v1url/https%3A%2F%2Fwww.coupang.com%2Fnp%2Fproducts%2Fbrand-shop%3FbrandName%3D%ED%95%98%EB%A6%BCIFF?source=brandstore_sdp_atf_topbadge&amp;pid=227331483&amp;viid=4822351124&amp;platform=p">
        하림IFF
       </a>
       <div class="prod-buy-header">
        <h2 class="prod-buy-header__title">
         하림 IFF 닭가슴살 (냉동), 2kg, 1개
        </h2>
        <div class="prod-buy-header__origin_country prod-buy-header__origin_country_margin">
         원산지: 컨텐츠 참조
        </div>
        <div class="prod-buy-header__info top-review-attributes">
         <span class="prod-buy-header__productreview" data-virolecode="3" id="prod-buy-header__productreview" style="display:block;">
          <a class="moveAnchor" href="#sdpReview" id="prod-review-nav-link">
           <span class="rating-star-container" style="float:left;">
            <span class="rating-star-num" style="width: 100.0%;">
            </span>
           </span>
           <span class="count">
            92,306개 상품평
           </span>
          </a>
         </span>
        </div>
        <div class="prod-favorite">
         <button class="prod-favorite-btn">
         </button>
        </div>
        <div class="prod-share">
         <button class="prod-share-btn">
         </button>
         <div class="prod-share-layer" data-use-new-share-link="true">
          <ul>
           <li class="prod-share__item">
            <span class="prod-share__twitter" data-title="하림 IFF 닭가슴살 (냉동), 2kg, 1개">
             twitter 공유하기
            </span>
           </li>
           <li class="prod-share__item">
            <span class="prod-share__mail" data-layer="#productPopMail" data-title="하림 IFF 닭가슴살 (냉동), 2kg, 1개">
             mail 보내기
            </span>
           </li>
           <li class="prod-share__item">
            <iframe allowtransparency="true" class="prod-share__facebook" frameborder="0" scrolling="no" src="" style="border:none; overflow:hidden; height:21px;">
            </iframe>
           </li>
          </ul>
          <a class="prod-share-close" href="javascript:void(0)">
           X
          </a>
         </div>
        </div>
       </div>
       <div class="prod-author" style="display: none;">
       </div>
       <div class="prod-price-container">
        <span class="fashion-unavailable-msg">
         품절
        </span>
        <div class="prod-price">
         <div class="prod-price-onetime">
          <div class="prod-coupon-price price-align major-price-coupon">
           <span class="total-price">
            <strong>
             19,930원
            </strong>
           </span>
           <span class="unit-price font-medium">
            (100g당 997원)
           </span>
           <div class="price-badge-list price-badge-margin">
            <table class="badge-table">
             <tbody>
              <tr class="BADGE_DISPLAY_0">
               <td class="td-delivery-badge">
                <img class="delivery-badge-img" src="//image7.coupangcdn.com/image/mobile_app/v3/brandsdp/loyalty/pc/rocket-fresh@2x.png"/>
               </td>
               <td class="td-reminder-message">
                <span class="td-reminder-message-span">
                 <span class="split-line">
                  |
                 </span>
                 <em class="prod-txt-onyx prod-txt-blue">
                  로켓와우 전용
                 </em>
                </span>
               </td>
               <td class="td-icon">
                <!-- ROCKET_MERCHANT can be both rocketWow or normal rocket, so, judge it first -->
                <span class="rocket-falcon-icon question-mark-rocket-plus">
                </span>
               </td>
              </tr>
             </tbody>
            </table>
           </div>
           <div class="prod-pre-order-msg" style="display: none">
            <span class="prod-pre-order-msg-info">
             사전예약 상품
            </span>
            <div class="question-mark-rocket-plus">
            </div>
            <div class="question-mark-pre-order-popup" style="display: none;">
             <span class="question-mark-pre-order-popup__info">
              사전예약 상품은 예약 구매 후 도착
              <br/>
              예정일에 수령하는 상품입니다.
             </span>
             <span class="question-mark-pre-order-popup-close-btn">
             </span>
            </div>
           </div>
          </div>
          <div class="prod-cash-promotion-container">
          </div>
          <div class="prod-benefit-badge-wrap">
           <div class="prod-ccid-badge-container">
           </div>
          </div>
          <div class="prod-targeted-promotion-banner-container">
          </div>
         </div>
        </div>
        <button class="prod-coupon-download-btn" style="display: none;">
         쿠폰받기
        </button>
        <div class="prod-coupon-download-layer">
        </div>
        <div class="subscribe-learnmore-container">
        </div>
       </div>
       <div class="prod-limit-notice-container">
       </div>
       <div class="option-table-v2">
        <div id="toggle-header">
         <div class="toggle-header">
          <div class="toggle-header__title">
           더 많은 옵션 보기
          </div>
         </div>
        </div>
        <div id="tab-selector">
         <div class="tab-selector-container">
          <div class="tab-selector tab-selector--HEADER_ONLY" data-attribute-id="7652">
           <div class="tab-selector__tab-header">
            <span class="tab-selector__header-title">
             중량:
            </span>
            <span class="tab-selector__header-value">
             2kg × 1개
            </span>
           </div>
          </div>
         </div>
        </div>
        <div id="option-table-list-view">
         <div class="option-table-list">
          <div class="option-table-list__options option-table-list__options--SHORT_ATTR">
           <div class="option-table-list__option option-table-list__option--selected" data-hover-image-url="//thumbnail7.coupangcdn.com/thumbnails/remote/492x492ex/image/retail/images/281730381654109-320fec20-bcf0-4875-aede-0596376b26da.jpg" data-hover-selection-text="2kg × 1개" data-item-id="720227345" data-vendor-item-id="4822351124">
            <div class="option-table-list__option-radio">
            </div>
            <div class="option-table-list__option-name">
             1개
            </div>
            <div class="option-table-list__option-info">
             <div class="option-table-list__option-price">
              19,930원
              <img class="option-table-list__option-delivery-badge" height="16px" src="https://image7.coupangcdn.com/image/coupang/rds/logo/hdpi/logo_fresh_small.png"/>
             </div>
             <div class="option-table-list__option-unit-price">
              100g당 997원
             </div>
            </div>
           </div>
           <div class="option-table-list__option" data-hover-image-url="//thumbnail9.coupangcdn.com/thumbnails/remote/492x492ex/image/retail/images/f4ea6579-c101-432a-bf4d-b30b8ae8f41a247874356605396183.png" data-hover-selection-text="2kg × 2개" data-item-id="19224738085" data-vendor-item-id="86341409374">
            <div class="option-table-list__option-radio">
            </div>
            <div class="option-table-list__option-name">
             2개
            </div>
            <div class="option-table-list__option-info">
             <div class="option-table-list__option-price">
              38,660원
              <img class="option-table-list__option-delivery-badge" height="16px" src="https://image7.coupangcdn.com/image/coupang/rds/logo/hdpi/logo_fresh_small.png"/>
             </div>
             <div class="option-table-list__option-unit-price">
              100g당 967원
              <span class="option-table-list__option-unit-price-label">
               (최저 단위가)
              </span>
             </div>
            </div>
           </div>
          </div>
          <div class="option-table-list__see-all-btn">
           <span>
            모든 옵션 보기
           </span>
           <img class="option-table-list__see-all-btn-icon" src="//img1a.coupangcdn.com/image/sdp/option-table/icon_tabs_btn-right.png"/>
          </div>
         </div>
        </div>
       </div>
       <div class="shipping-fee-and-pdd-prod">
        <!--display logic summary-->
        <div class="prod-shipping-fee-and-pdd-wrapper apply-unknown-customer-handling">
         <div class="prod-delivery-notice-container">
         </div>
         <div class="prod-delivery-company-and-seller-store-above-pdd-placeholder">
          <div class="prod-gold-fish-delivery-company-above-pdd-placeholder">
          </div>
          <div class="prod-gold-fish-vendor-above-pdd-placeholder">
           <div class="prod-vendor">
           </div>
          </div>
         </div>
         <div class="shipping-fee-and-pdd-53259">
         </div>
         <div class="prod-shipping-fee-container">
          <div class="prod-shipping-fee">
           <div class="SHIPPING_FEE_DISPLAY_0">
            <div class="prod-shipping-fee-message">
             <span>
              <em class="prod-txt-bold">
               무료배송
              </em>
             </span>
            </div>
            <div class="prod-shipping-consolidation">
            </div>
           </div>
           <div class="prod-pre-order-release-container" style="display: none;">
            <span class="prod-pre-order-release-msg">
            </span>
           </div>
          </div>
         </div>
         <div class="prod-pdd-container">
          <div class="prod-pdd-display-area">
           <div class="prod-pdd single-pdd-area PDD_DISPLAY_0">
            <em class="prod-txt-onyx prod-txt-green-2">
             내일(토) 6/1 새벽 7시 전
            </em>
            <em class="prod-txt-onyx prod-txt-green-normal">
             도착 보장
            </em>
            <em class="prod-txt-onyx">
             (
            </em>
            <span class="loyalty-cut-off-message">
             <em class="prod-txt-onyx">
              밤 12시 전 주문 시
             </em>
            </span>
            <em class="prod-txt-onyx">
             /
            </em>
            <span>
             서울⋅경기 기준
            </span>
            <em class="prod-txt-onyx">
             )
            </em>
            <div class="prod-gold-fish-delivery-company-under-pdd-placeholder">
            </div>
           </div>
          </div>
          <div class="prod-gold-fish-vendor-under-pdd-placeholder">
           <div class="prod-vendor">
           </div>
          </div>
          <div class="prod-pdd-list" style="display: none;">
          </div>
         </div>
         <div class="shipping-fee-list" style="display: none;">
         </div>
         <div class="loyalty-reminder-default-address" style="display:none;">
          <img alt="" class="delivery-type-badge" src=""/>
          <em class="prod-gray-txt">
           가능 배송지로 변경 시 구매 가능
          </em>
         </div>
        </div>
        <ul class="loyalty-reminder-hard-code-message">
         <li>
          현재 고객님 주소지는 서비스 대상이 아닙니다.
         </li>
         <li>
          곧 고객님께 찾아뵙도록 노력하겠습니다.
         </li>
        </ul>
        <div class="rocket-install-preorder-message" style="display: none;">
         <svg fill="none" height="16" viewbox="0 0 16 16" width="16" xmlns="http://www.w3.org/2000/svg">
          <path clip-rule="evenodd" d="M8 0C3.58173 0 0 3.58172 0 8C0 12.4183 3.58173 16 8 16C12.4183 16 16 12.4183 16 8C16 3.58171 12.4183 0 8 0ZM8.00001 3.33333C7.35567 3.33333 6.83334 3.85567 6.83334 4.5C6.83334 5.14433 7.35567 5.66667 8.00001 5.66667C8.64434 5.66667 9.16667 5.14433 9.16667 4.5C9.16667 3.85567 8.64434 3.33333 8.00001 3.33333ZM9.0121 7.57036C8.96364 7.06326 8.53647 6.66667 8.01667 6.66667C7.46439 6.66667 7.01667 7.11438 7.01667 7.66667V11.6667L7.02125 11.763C7.06971 12.2701 7.49688 12.6667 8.01667 12.6667C8.56896 12.6667 9.01667 12.219 9.01667 11.6667V7.66667L9.0121 7.57036Z" fill="#454F5B" fill-rule="evenodd">
          </path>
         </svg>
         <span>
          사전예약 상품의 설치일은 사전 협의 후 변경될 수 있습니다.
         </span>
        </div>
       </div>
       <div class="prod-vendor-container" style="display:none">
        <div class="prod-vendor with">
         <div class="prod-vendor-info">
         </div>
        </div>
       </div>
       <div class="prod-other-seller" style="display:none;">
        <a class="prod-other-seller-btn" href="javascript:void(0)">
         다른 판매자 보기(
         <span class="prod-other-seller-count">
         </span>
         )
        </a>
       </div>
       <!--option-->
       <div id="bundleOptionContainer">
        <div class="bundle-option-list" data-view-type="">
        </div>
       </div>
       <div class="" id="insuranceContainer">
        <!--	placeholder    -->
       </div>
       <div class="prod-ccid-detail-container" style="">
       </div>
       <div class="sdp-cashback-summary-container">
        <div class="sdp-cashback-summary">
         <div class="sdp-cashback-summary__content">
          <div class="sdp-cashback-summary__title">
           적립
          </div>
          <div class="sdp-cashback-summary__info">
           <span class="sdp-cashback-summary__amount">
            최대 996원
           </span>
           <span class="sdp-cashback-summary__btn-popup">
            쿠팡캐시 적립
           </span>
           <span class="sdp-cashback-summary__condition">
            · 쿠페이 머니 결제시
           </span>
          </div>
          <span class="sdp-cashback-summary__btn-wow">
           혜택보기
          </span>
         </div>
        </div>
        <div class="sdp-cashback-summary-popup prod-modal-popup is-cashback-more-info" id="cashbackPopup" style="display:none">
         <div class="prod-modal-popup__header">
          <strong class="prod-modal-popup__header-title">
           캐시적립 혜택
          </strong>
          <span class="prod-modal-popup__header-close">
           닫기
          </span>
         </div>
         <div class="sdp-cashback-summary-popup__contents prod-modal-popup__contents">
          <section class="cashback-popup-section" data-benefit-type="club">
           <h2 class="cashback-popup__title">
            결제 혜택
           </h2>
           <div class="cashback-popup__list">
            <div class="cashback-item">
             <div class="cashback-item__info">
              쿠페이 머니 결제 시 1%
              <div class="cashback-item__validity">
               (월 최대 1만원)
              </div>
             </div>
             <div class="cashback-item__amount" data-benefit-amount-type="">
              <img alt="" class="ico-cashback" src="https://img1a.coupangcdn.com/image/badges/cashback/web/simple-list-cash-icon@2x.png"/>
              <strong>
               199원
              </strong>
             </div>
            </div>
            <div class="cashback-item">
             <div class="cashback-item__info">
              <img alt="" class="ico-wow" src="https://static.coupangcdn.com/image/badges/member/wow.png"/>
              <strong>
               와우 멤버십
              </strong>
              + 쿠페이 계좌이체 결제 시 2%
              <div class="cashback-item__validity">
               (첫 30일 동안, 월 최대 2만원)
              </div>
             </div>
             <div class="cashback-item__amount" data-benefit-amount-type="">
              <img alt="" class="ico-cashback" src="https://img1a.coupangcdn.com/image/badges/cashback/web/simple-list-cash-icon@2x.png"/>
              <strong>
               399원
              </strong>
             </div>
            </div>
            <div class="cashback-item">
             <div class="cashback-item__info">
              <img alt="" class="ico-wow" src="https://static.coupangcdn.com/image/badges/member/wow.png"/>
              <strong>
               와우 멤버십
              </strong>
              + 쿠페이 머니 결제 시 추가 4%
              <div class="cashback-item__validity">
               (첫 30일 동안, 월 최대 4만원)
              </div>
             </div>
             <div class="cashback-item__amount" data-benefit-amount-type="">
              <img alt="" class="ico-cashback" src="https://img1a.coupangcdn.com/image/badges/cashback/web/simple-list-cash-icon@2x.png"/>
              <strong>
               797원
              </strong>
             </div>
            </div>
           </div>
          </section>
          <div class="cashback-popup__notice">
           <p class="cashback-popup__notice-item">
            * 캐시적립 혜택은 배송 완료 7일 후 반영됩니다.
           </p>
           <p class="cashback-popup__notice-item">
            * 각 혜택 별로 중복 적용이 가능합니다.
           </p>
           <p class="cashback-popup__notice-item">
            * 쿠팡캐시를 사용해 결제한 금액은 캐시적립 혜택에서 제외됩니다.
           </p>
          </div>
         </div>
        </div>
       </div>
       <div id="payment-methods-box">
        <div class="payment-methods-box">
         <strong>
          PC에서도 간편한 결제
         </strong>
         <p>
          <img alt="" src="//image7.coupangcdn.com/image/coupang/common/payment/coupaymoney_color@4x.png"/>
          <span>
           쿠페이머니
          </span>
         </p>
         <p>
          <img alt="" src="//image10.coupangcdn.com/image/coupang/common/payment/card_color@4x.png"/>
          <span>
           카드
          </span>
         </p>
         <p>
          <img alt="" src="//image8.coupangcdn.com/image/coupang/common/payment/bankbook_color@4x.png"/>
          <span>
           계좌이체
          </span>
         </p>
        </div>
       </div>
       <!--quantity and order-->
       <div class="prod-buy-quantity-and-footer">
        <div class="prod-buy-quantity">
         <div class="prod-buy__quantity">
          <div class="prod-quantity__form">
           <input autocomplete="off" class="prod-quantity__input" maxlength="6" type="text" value="1"/>
           <div style="display:table-cell;vertical-align:top;">
            <button class="prod-quantity__plus" type="button">
             수량빼기
            </button>
            <button class="prod-quantity__minus" disabled="" type="button">
             수량더하기
            </button>
           </div>
          </div>
         </div>
        </div>
        <div class="prod-buy-footer">
         <div class="prod-order-data" data-carturl="//cart.coupang.com/cartView.pang" data-categorylinkcode="" data-orderurl="/createCheckout.pang" style="display:none;">
         </div>
         <div class="prod-onetime-order" style="">
          <div class="button-box">
           <button class="prod-cart-btn" data-gaclick='{"hitType":"event", "eventCategory":"addCartButton", "eventAction":"click", "eventLabel":"optionBarButton", "eventValue":0}'>
            장바구니 담기
           </button>
           <button class="prod-buy-btn" data-gaclick='{"hitType":"event", "eventCategory":"orderButton", "eventAction":"click", "eventLabel":"buy_optionBarButton", "eventValue":0}'>
            <span class="prod-buy-btn__txt">
             바로구매
            </span>
           </button>
          </div>
         </div>
         <div class="prod-restock-notification">
          <div class="button-box">
           <button class="prod-restock-notification-btn">
            재입고 알림신청
           </button>
           <div class="prod-restock-notification-clicked-btn" style="display: none">
            <span>
             재입고 알림신청 완료
            </span>
           </div>
           <div class="prod-restock-notification-hover-notifier">
            <div class="prod-restock-notification-hover-notifier-info">
             <span class="prod-restock-notification-hover-notifier-content">
              재입고 시 회원님의 이메일로 알림이 발송됩니다.
             </span>
             <span class="prod-restock-notification-hover-notifier-content">
             </span>
            </div>
           </div>
          </div>
         </div>
         <div class="prod-buy-quantity-and-footer__oos-or-unavailable" style="display: none;">
          품절
         </div>
         <div class="prod-subscribe-order">
          <div class="button-box">
           <button class="prod-subscription-buy prod-subscription-cart-btn">
            <span class="prod-buy-btn__txt">
             정기배송 장바구니 담기
            </span>
           </button>
          </div>
         </div>
         <div class="prod-loyalty-register-order" style="display: none;">
          <div class="button-box">
           <button class="prod-loyalty-register-btn" data-benefit-type="FRESH_PRODUCT" data-loyalty-landing-url="" id="loyaltyRegisterOrderButton">
            <!-- text is different for different loyalty nudge -->
            <span class="prod-buy-btn__txt">
             로켓와우 무료 체험하기
            </span>
           </button>
          </div>
         </div>
         <div class="prod-loyalty-register-subscribe-order" style="display: none;">
          <div class="button-box">
           <button class="prod-loyalty-register-btn" data-loyalty-landing-url="" id="loyaltyRegisterSubscribeOrderButton">
            <span class="prod-buy-btn__txt">
            </span>
           </button>
          </div>
         </div>
         <div class="prod-pre-order" style="display: none">
          <div class="button-box">
           <button class="prod-pre-order-btn">
            <span class="prod-buy-btn__txt">
            </span>
           </button>
          </div>
         </div>
         <div class="purchase-thresold-message none" id="purchase-thresold-message">
         </div>
        </div>
        <div class="prod-buy-quantity-and-footer__mask">
        </div>
       </div>
       <!--buy box winner-->
       <!--description-->
       <div class="prod-description">
        <ul class="prod-description-attribute">
         <li class="prod-attr-item" style="display: list-item;">
          소비기한(또는 유통기한): 2025-03-23 이거나 그 이후인 상품
         </li>
         <li class="prod-attr-item" style="display: list-item;">
          보관방법: 냉동보관
         </li>
         <li class="prod-attr-item" style="display: list-item;">
          개당 중량: 2kg
         </li>
         <li class="prod-attr-item" style="display: list-item;">
          대용량상품: Y
         </li>
         <li class="prod-attr-item" style="display: list-item;">
          닭가슴살 종류: 생 닭가슴살
         </li>
         <li class="prod-attr-item" style="display: list-item;">
          쿠팡상품번호: 227331483 - 720227345
         </li>
        </ul>
       </div>
       <div class="prod-freebies" style="display:none">
       </div>
       <!--coupick - coupang choice-->
       <div class="prod-coupick">
       </div>
       <!--vfp-->
       <div class="prod-vfp-banner impression-log impression-log-reload" data-impression-event-name="vfpbanner" style="display: none;">
       </div>
       <div class="handyman-button" style="display: none;">
        <div class="handyman-icon">
         <img src="//image6.coupangcdn.com/image/dragonstone/sdp/handy-man/icon.png"/>
        </div>
        <div class="handyman-content">
         <div class="handyman-content-top">
          쿠팡 무상 A/S 상품
          <img id="showHandyManInfo" src="//image7.coupangcdn.com/image/dragonstone/sdp/handy-man/info.png"/>
         </div>
         <div class="handyman-content-bottom">
         </div>
        </div>
        <div class="handyman-right">
         <img src="//image6.coupangcdn.com/image/dragonstone/sdp/handy-man/arrow.png"/>
        </div>
       </div>
       <div id="handymanPopup" style="display: none;">
        <div class="handyman-popup-header">
         쿠팡 무상 A/S 보증 상품 안내
         <img class="handyman-close" src="//image7.coupangcdn.com/image/dragonstone/sdp/handy-man/close.png"/>
        </div>
        <div class="handyman-popup-content">
         <div class="list-box-item">
          <div class="dot-icon">
           <svg fill="none" height="4" viewbox="0 0 4 4" width="4" xmlns="http://www.w3.org/2000/svg">
            <path d="M3.68613 2.128C3.68613 3.056 2.93413 3.792 2.00613 3.792C1.09413 3.792 0.342125 3.056 0.342125 2.128C0.342125 1.216 1.09413 0.464 2.00613 0.464C2.93413 0.464 3.68613 1.216 3.68613 2.128Z" fill="#637381">
            </path>
           </svg>
          </div>
          <div class="list-box-txt">
           본 상품은 품질보증기한 내 무상 A/S가 제공됩니다. (단, 고객 과실이나 점검 내용 등에 따라 별도의 수리비 또는 부품비, 출장비 등이 발생될 수 있습니다.)
          </div>
         </div>
         <div class="list-box-item">
          <div class="dot-icon">
           <svg fill="none" height="4" viewbox="0 0 4 4" width="4" xmlns="http://www.w3.org/2000/svg">
            <path d="M3.68613 2.128C3.68613 3.056 2.93413 3.792 2.00613 3.792C1.09413 3.792 0.342125 3.056 0.342125 2.128C0.342125 1.216 1.09413 0.464 2.00613 0.464C2.93413 0.464 3.68613 1.216 3.68613 2.128Z" fill="#637381">
            </path>
           </svg>
          </div>
          <div class="list-box-txt">
           쿠팡 무상 A/S 상품은 쿠팡앱을 통한 A/S 접수가 가능합니다.
          </div>
         </div>
         <div class="list-box-item">
          <div class="dot-icon">
           <svg fill="none" height="4" viewbox="0 0 4 4" width="4" xmlns="http://www.w3.org/2000/svg">
            <path d="M3.68613 2.128C3.68613 3.056 2.93413 3.792 2.00613 3.792C1.09413 3.792 0.342125 3.056 0.342125 2.128C0.342125 1.216 1.09413 0.464 2.00613 0.464C2.93413 0.464 3.68613 1.216 3.68613 2.128Z" fill="#637381">
            </path>
           </svg>
          </div>
          <div class="list-box-txt">
           A/S는 제조사의 위탁을 받은 쿠팡로지스틱스서비스(CLS)가 수행합니다
          </div>
         </div>
        </div>
       </div>
       <div class="prod-offer-banner js-window-platform" id="prod-offer-banner">
       </div>
      </div>
      <div id="welcomeBackNudge" style="display: none;">
      </div>
     </div>
     <div id="btf" style="width: 980px; margin: 0 auto 40px auto; padding-top: 10px;">
      <div class="sdp-ads impression-log" data-impression-event-name="sdp-ads" id="sdpAdsBottom" style="">
       <div class="recommendation">
        <div class="recommendation-header">
         <div class="recommendation-header">
          <div class="recommendation-header__title">
           함께 비교하면 좋을 상품
          </div>
          <span class="recommendation-header__description">
           광고
           <i class="recommendation-header__description-icon">
           </i>
          </span>
          <span class="recommendation-header__description-icon-tooltip">
           쿠팡으로부터 광고 서비스를 구매한 제휴업체의 판매상품입니다.
          </span>
         </div>
        </div>
        <div class="recommendation-inner">
         <div class="ui-horizontal-pagination-scroller" id="cid_zghokt9da6_5406644">
          <div class="hps-scroll-inner" style="width: 5190px;">
           <table>
            <tr>
             <td class="hps-component-mountpoint" key="cid_qwgajt8n6o_5406644" style="width: 5190px;">
              <div class="ui-recommendation-list">
               <div class="rl-list">
                <ul>
                 <li class="rl-item hps-scroll-item" data-index="0">
                  <a href="/vp/products/6695278876?itemId=15486915514&amp;searchId=feed-0338585017ba48f7bf828071471288d3-view_together_ads-P227331483&amp;vendorItemId=82706313745&amp;sourceType=SDP_ADS&amp;clickEventId=ce0c1300-1f2a-11ef-b780-8029cc71e820" target="_blank" title="조아닭 THE 소스가 맛있는 닭가슴살 3종 혼합 100g (숫불양념갈비맛10팩+매콤떡볶이맛10팩+양념치킨맛10팩), 1세트">
                   <div class="rl-item__image-wrap">
                    <img alt="조아닭 THE 소스가 맛있는 닭가슴살 3종 혼합 100g (숫불양념갈비맛10팩+매콤떡볶이맛10팩+양념치킨맛10팩), 1세트" class="rl-item__image" onerror="this.src='//t1a.coupangcdn.com/thumbnails/remote/300x300/image/coupang/common/no_img_1000_1000.png'" src="//thumbnail8.coupangcdn.com/thumbnails/remote/300x300ex/image/vendor_inventory/42cf/660886c82fd76951794530689c7a04f7a629fc0428eeb83759e0543c0bed.jpg"/>
                   </div>
                   <strong class="rl-item__title">
                    조아닭 THE 소스가 맛있는 닭가슴살 3종 혼합 100g (숫불양념갈비맛10팩+매콤떡볶이맛10팩+양념치킨맛10팩), 1세트
                   </strong>
                   <div class="clearFix">
                    <span class="rl-item__price">
                     <em>
                      62,200
                     </em>
                     원
                    </span>
                   </div>
                   <div class="rl-item__review">
                    <span class="rl-item__review-score-bg">
                     <span class="rl-item__review-score" style="width: 100%;">
                      <em>
                       100%
                      </em>
                     </span>
                    </span>
                    <span class="rl-item__review-count">
                     (4,101)
                    </span>
                   </div>
                  </a>
                 </li>
                 <li class="rl-item hps-scroll-item" data-index="1">
                  <a href="/vp/products/7814470446?itemId=21206210524&amp;searchId=feed-0338585017ba48f7bf828071471288d3-view_together_ads-P227331483&amp;vendorItemId=88267440547&amp;sourceType=SDP_ADS&amp;clickEventId=ce0c1300-1f2a-11ef-99b8-015e9173807a" target="_blank" title="햇살닭 더촉촉한 소스 닭가슴살 100g 10종 24팩 / 소스 / 혼합구성, 24개">
                   <div class="rl-item__image-wrap">
                    <img alt="햇살닭 더촉촉한 소스 닭가슴살 100g 10종 24팩 / 소스 / 혼합구성, 24개" class="rl-item__image" onerror="this.src='//t1a.coupangcdn.com/thumbnails/remote/300x300/image/coupang/common/no_img_1000_1000.png'" src="//thumbnail7.coupangcdn.com/thumbnails/remote/300x300ex/image/vendor_inventory/ce88/f7b4d0196a8384e8c650bc6b70da5933ac4591911a7e0748336ef2ae5cfe.jpg"/>
                   </div>
                   <strong class="rl-item__title">
                    햇살닭 더촉촉한 소스 닭가슴살 100g 10종 24팩 / 소스 / 혼합구성, 24개
                   </strong>
                   <div class="clearFix">
                    <span class="rl-item__price">
                     <em>
                      37,900
                     </em>
                     원
                    </span>
                   </div>
                   <div class="rl-item__unit-price">
                    (100g당 1,579원)
                   </div>
                   <div class="rl-item__review">
                    <span class="rl-item__review-score-bg">
                     <span class="rl-item__review-score" style="width: 90%;">
                      <em>
                       90%
                      </em>
                     </span>
                    </span>
                    <span class="rl-item__review-count">
                     (278)
                    </span>
                   </div>
                  </a>
                 </li>
                 <li class="rl-item hps-scroll-item" data-index="2">
                  <a href="/vp/products/7144429071?itemId=17947622729&amp;searchId=feed-0338585017ba48f7bf828071471288d3-view_together_ads-P227331483&amp;vendorItemId=85105377527&amp;sourceType=SDP_ADS&amp;clickEventId=ce0c1300-1f2a-11ef-9708-4a25e2cf23f1" target="_blank" title="네네치킨 네꼬닭 소스 닭가슴살 혼합구성, 100g, 42세트">
                   <div class="rl-item__image-wrap">
                    <img alt="네네치킨 네꼬닭 소스 닭가슴살 혼합구성, 100g, 42세트" class="rl-item__image" onerror="this.src='//t1a.coupangcdn.com/thumbnails/remote/300x300/image/coupang/common/no_img_1000_1000.png'" src="//thumbnail6.coupangcdn.com/thumbnails/remote/300x300ex/image/vendor_inventory/6855/84cf7b5004e82884e7bb6ee0483aca13cdcabad8e9fb0f7fdfed9188b53c.jpg"/>
                   </div>
                   <strong class="rl-item__title">
                    네네치킨 네꼬닭 소스 닭가슴살 혼합구성, 100g, 42세트
                   </strong>
                   <div class="clearFix">
                    <span class="rl-item__price">
                     <em>
                      68,900
                     </em>
                     원
                    </span>
                   </div>
                   <div class="rl-item__unit-price">
                    (100g당 1,640원)
                   </div>
                   <div class="rl-item__review">
                    <span class="rl-item__review-score-bg">
                     <span class="rl-item__review-score" style="width: 100%;">
                      <em>
                       100%
                      </em>
                     </span>
                    </span>
                    <span class="rl-item__review-count">
                     (1,371)
                    </span>
                   </div>
                  </a>
                 </li>
                 <li class="rl-item hps-scroll-item" data-index="3">
                  <a href="/vp/products/191119084?itemId=19224734511&amp;searchId=feed-0338585017ba48f7bf828071471288d3-view_together_ads-P227331483&amp;vendorItemId=86341405266&amp;sourceType=SDP_ADS&amp;clickEventId=ce0c3a10-1f2a-11ef-930e-df2bdfe99ce5" target="_blank" title="올품 닭가슴살 슬라이스 IQF (냉동), 2kg, 2개">
                   <div class="rl-item__image-wrap">
                    <img alt="올품 닭가슴살 슬라이스 IQF (냉동), 2kg, 2개" class="rl-item__image" onerror="this.src='//t1a.coupangcdn.com/thumbnails/remote/300x300/image/coupang/common/no_img_1000_1000.png'" src="//thumbnail7.coupangcdn.com/thumbnails/remote/300x300ex/image/retail/images/e7beffef-b579-4f32-a65e-c7898c176c423387444314865753079.png"/>
                   </div>
                   <strong class="rl-item__title">
                    올품 닭가슴살 슬라이스 IQF (냉동), 2kg, 2개
                   </strong>
                   <div class="clearFix">
                    <span class="rl-item__price">
                     <em>
                      32,470
                     </em>
                     원
                    </span>
                    <img class="rl-item__badge" src="//image7.coupangcdn.com/image/mobile_app/v3/brandsdp/loyalty/pc/rocket-fresh@2x.png"/>
                   </div>
                   <div class="rl-item__unit-price">
                    (100g당 812원)
                   </div>
                   <div class="rl-item__review">
                    <span class="rl-item__review-score-bg">
                     <span class="rl-item__review-score" style="width: 100%;">
                      <em>
                       100%
                      </em>
                     </span>
                    </span>
                    <span class="rl-item__review-count">
                     (23,796)
                    </span>
                   </div>
                  </a>
                 </li>
                 <li class="rl-item hps-scroll-item" data-index="4">
                  <a href="/vp/products/7852702554?itemId=21407681336&amp;searchId=feed-0338585017ba48f7bf828071471288d3-view_together_ads-P227331483&amp;vendorItemId=87888353145&amp;sourceType=SDP_ADS&amp;clickEventId=ce0c3a10-1f2a-11ef-9075-d8a3483d6ccf" target="_blank" title="득근파티 슬라이스 닭가슴살 6종 혼합, 100g, 54개">
                   <div class="rl-item__image-wrap">
                    <img alt="득근파티 슬라이스 닭가슴살 6종 혼합, 100g, 54개" class="rl-item__image" onerror="this.src='//t1a.coupangcdn.com/thumbnails/remote/300x300/image/coupang/common/no_img_1000_1000.png'" src="//thumbnail9.coupangcdn.com/thumbnails/remote/300x300ex/image/vendor_inventory/7ac6/7d33371b2d2d63f1d824a96780f2537c56b50c1739e88969c1d69a85549b.jpg"/>
                   </div>
                   <strong class="rl-item__title">
                    득근파티 슬라이스 닭가슴살 6종 혼합, 100g, 54개
                   </strong>
                   <div class="clearFix">
                    <span class="rl-item__price">
                     <em>
                      75,160
                     </em>
                     원
                    </span>
                   </div>
                   <div class="rl-item__unit-price">
                    (100g당 1,392원)
                   </div>
                   <div class="rl-item__review">
                    <span class="rl-item__review-score-bg">
                     <span class="rl-item__review-score" style="width: 100%;">
                      <em>
                       100%
                      </em>
                     </span>
                    </span>
                    <span class="rl-item__review-count">
                     (150)
                    </span>
                   </div>
                  </a>
                 </li>
                 <li class="rl-item hps-scroll-item" data-index="5">
                  <a href="/vp/products/7687814158?itemId=20763264711&amp;searchId=feed-0338585017ba48f7bf828071471288d3-view_together_ads-P227331483&amp;vendorItemId=87833354778&amp;sourceType=SDP_ADS&amp;clickEventId=ce0c3a10-1f2a-11ef-84e8-cc74fba3d8ff" target="_blank" title="푸라닭 시그니처 소스 닭가슴살 혼합구성, 100g, 44개">
                   <div class="rl-item__image-wrap">
                    <img alt="푸라닭 시그니처 소스 닭가슴살 혼합구성, 100g, 44개" class="rl-item__image" onerror="this.src='//t1a.coupangcdn.com/thumbnails/remote/300x300/image/coupang/common/no_img_1000_1000.png'" src="//thumbnail6.coupangcdn.com/thumbnails/remote/300x300ex/image/vendor_inventory/e550/573d0d81904ace64e98eabfa501f4a8160536c1cc7328150902a5cb8a16c.jpg"/>
                   </div>
                   <strong class="rl-item__title">
                    푸라닭 시그니처 소스 닭가슴살 혼합구성, 100g, 44개
                   </strong>
                   <div class="clearFix">
                    <span class="rl-item__price">
                     <em>
                      76,900
                     </em>
                     원
                    </span>
                   </div>
                   <div class="rl-item__unit-price">
                    (100g당 1,748원)
                   </div>
                   <div class="rl-item__review">
                    <span class="rl-item__review-score-bg">
                     <span class="rl-item__review-score" style="width: 90%;">
                      <em>
                       90%
                      </em>
                     </span>
                    </span>
                    <span class="rl-item__review-count">
                     (325)
                    </span>
                   </div>
                  </a>
                 </li>
                 <li class="rl-item hps-scroll-item" data-index="6">
                  <a href="/vp/products/6091066419?itemId=20645256324&amp;searchId=feed-0338585017ba48f7bf828071471288d3-view_together_ads-P227331483&amp;vendorItemId=78632128505&amp;sourceType=SDP_ADS&amp;clickEventId=ce0c3a10-1f2a-11ef-86ba-4e68a1cddb7b" target="_blank" title="허닭 슬라이스 스팀 소스 닭가슴살 100g 4종 혼합, 50개">
                   <div class="rl-item__image-wrap">
                    <img alt="허닭 슬라이스 스팀 소스 닭가슴살 100g 4종 혼합, 50개" class="rl-item__image" onerror="this.src='//t1a.coupangcdn.com/thumbnails/remote/300x300/image/coupang/common/no_img_1000_1000.png'" src="//thumbnail10.coupangcdn.com/thumbnails/remote/300x300ex/image/vendor_inventory/a97b/1ea827b23e11020b6b93877bb3a3834bd69822742c5dfb41a67a896fc172.jpg"/>
                   </div>
                   <strong class="rl-item__title">
                    허닭 슬라이스 스팀 소스 닭가슴살 100g 4종 혼합, 50개
                   </strong>
                   <div class="clearFix">
                    <span class="rl-item__price">
                     <em>
                      84,500
                     </em>
                     원
                    </span>
                   </div>
                   <div class="rl-item__unit-price">
                    (100g당 1,690원)
                   </div>
                   <div class="rl-item__review">
                    <span class="rl-item__review-score-bg">
                     <span class="rl-item__review-score" style="width: 90%;">
                      <em>
                       90%
                      </em>
                     </span>
                    </span>
                    <span class="rl-item__review-count">
                     (1,743)
                    </span>
                   </div>
                  </a>
                 </li>
                 <li class="rl-item hps-scroll-item" data-index="7">
                  <a href="/vp/products/7983964103?itemId=22167877172&amp;searchId=feed-0338585017ba48f7bf828071471288d3-view_together_ads-P227331483&amp;vendorItemId=87032469800&amp;sourceType=SDP_ADS&amp;clickEventId=ce0c3a10-1f2a-11ef-a66c-1510616b028c" target="_blank" title="햇살닭 더촉촉한 닭가슴살 외 12종 12팩(각 1팩씩) / 소스 / 혼합구성, 100g">
                   <div class="rl-item__image-wrap">
                    <img alt="햇살닭 더촉촉한 닭가슴살 외 12종 12팩(각 1팩씩) / 소스 / 혼합구성, 100g" class="rl-item__image" onerror="this.src='//t1a.coupangcdn.com/thumbnails/remote/300x300/image/coupang/common/no_img_1000_1000.png'" src="//thumbnail10.coupangcdn.com/thumbnails/remote/300x300ex/image/vendor_inventory/02a4/d35507a34402de570a76f7f73343345a7cfe3bff307e78b768e7f213204d.jpg"/>
                   </div>
                   <strong class="rl-item__title">
                    햇살닭 더촉촉한 닭가슴살 외 12종 12팩(각 1팩씩) / 소스 / 혼합구성, 100g
                   </strong>
                   <div class="clearFix">
                    <span class="rl-item__price">
                     <em>
                      18,800
                     </em>
                     원
                    </span>
                   </div>
                   <div class="rl-item__review">
                    <span class="rl-item__review-score-bg">
                     <span class="rl-item__review-score" style="width: 90%;">
                      <em>
                       90%
                      </em>
                     </span>
                    </span>
                    <span class="rl-item__review-count">
                     (1,528)
                    </span>
                   </div>
                  </a>
                 </li>
                 <li class="rl-item hps-scroll-item" data-index="8">
                  <a href="/vp/products/7816115419?itemId=21215292323&amp;searchId=feed-0338585017ba48f7bf828071471288d3-view_together_ads-P227331483&amp;vendorItemId=88480368132&amp;sourceType=SDP_ADS&amp;clickEventId=ce0c6120-1f2a-11ef-b16a-f70e79a0aa73" target="_blank" title="국내산 닭가슴살 10kg. 1kg x 10 냉장, 10개, 1000g">
                   <div class="rl-item__image-wrap">
                    <img alt="국내산 닭가슴살 10kg. 1kg x 10 냉장, 10개, 1000g" class="rl-item__image" onerror="this.src='//t1a.coupangcdn.com/thumbnails/remote/300x300/image/coupang/common/no_img_1000_1000.png'" src="//thumbnail8.coupangcdn.com/thumbnails/remote/300x300ex/image/vendor_inventory/c5a0/5bd5469786da4b0fa6ce78b43142cf2719c4ad68137f4c3c18c562339e53.jpg"/>
                   </div>
                   <strong class="rl-item__title">
                    국내산 닭가슴살 10kg. 1kg x 10 냉장, 10개, 1000g
                   </strong>
                   <div class="clearFix">
                    <span class="rl-item__price">
                     <em>
                      55,000
                     </em>
                     원
                    </span>
                   </div>
                   <div class="rl-item__unit-price">
                    (100g당 550원)
                   </div>
                   <div class="rl-item__review">
                    <span class="rl-item__review-score-bg">
                     <span class="rl-item__review-score" style="width: 100%;">
                      <em>
                       100%
                      </em>
                     </span>
                    </span>
                    <span class="rl-item__review-count">
                     (141)
                    </span>
                   </div>
                  </a>
                 </li>
                 <li class="rl-item hps-scroll-item" data-index="9">
                  <a href="/vp/products/7565124831?itemId=21365994858&amp;searchId=feed-0338585017ba48f7bf828071471288d3-view_together_ads-P227331483&amp;vendorItemId=88268081764&amp;sourceType=SDP_ADS&amp;clickEventId=ce0c6120-1f2a-11ef-9750-02cfc69a428f" target="_blank" title="[모던푸드] 무염 국내산 냉동 생 닭가슴살 5봉, 5개, 1kg">
                   <div class="rl-item__image-wrap">
                    <img alt="[모던푸드] 무염 국내산 냉동 생 닭가슴살 5봉, 5개, 1kg" class="rl-item__image" onerror="this.src='//t1a.coupangcdn.com/thumbnails/remote/300x300/image/coupang/common/no_img_1000_1000.png'" src="//thumbnail7.coupangcdn.com/thumbnails/remote/300x300ex/image/vendor_inventory/abc6/300e70a73ee60f595cc6a98137834a6b4263bb2400aec1bca4e39b5b35b5.jpg"/>
                   </div>
                   <strong class="rl-item__title">
                    [모던푸드] 무염 국내산 냉동 생 닭가슴살 5봉, 5개, 1kg
                   </strong>
                   <div class="clearFix">
                    <span class="rl-item__price">
                     <em>
                      31,500
                     </em>
                     원
                    </span>
                   </div>
                   <div class="rl-item__unit-price">
                    (100g당 630원)
                   </div>
                   <div class="rl-item__review">
                    <span class="rl-item__review-score-bg">
                     <span class="rl-item__review-score" style="width: 90%;">
                      <em>
                       90%
                      </em>
                     </span>
                    </span>
                    <span class="rl-item__review-count">
                     (66)
                    </span>
                   </div>
                  </a>
                 </li>
                 <li class="rl-item hps-scroll-item" data-index="10">
                  <a href="/vp/products/1440692207?itemId=2484444397&amp;searchId=feed-0338585017ba48f7bf828071471288d3-view_together_ads-P227331483&amp;vendorItemId=5315020945&amp;sourceType=SDP_ADS&amp;clickEventId=ce0c6120-1f2a-11ef-9285-4d215bd2f867" target="_blank" title="랭킹닭컴 잇메이트 닭가슴살 스테이크 혼합구성, 100g, 15개">
                   <div class="rl-item__image-wrap">
                    <img alt="랭킹닭컴 잇메이트 닭가슴살 스테이크 혼합구성, 100g, 15개" class="rl-item__image" onerror="this.src='//t1a.coupangcdn.com/thumbnails/remote/300x300/image/coupang/common/no_img_1000_1000.png'" src="//thumbnail7.coupangcdn.com/thumbnails/remote/300x300ex/image/vendor_inventory/f76c/5db0437e8e1251b38efb7455d9b0683d6702afd83ce831beac82f728fe98.jpg"/>
                   </div>
                   <strong class="rl-item__title">
                    랭킹닭컴 잇메이트 닭가슴살 스테이크 혼합구성, 100g, 15개
                   </strong>
                   <div class="clearFix">
                    <span class="rl-item__price">
                     <em>
                      25,000
                     </em>
                     원
                    </span>
                   </div>
                   <div class="rl-item__unit-price">
                    (100g당 1,667원)
                   </div>
                   <div class="rl-item__review">
                    <span class="rl-item__review-score-bg">
                     <span class="rl-item__review-score" style="width: 100%;">
                      <em>
                       100%
                      </em>
                     </span>
                    </span>
                    <span class="rl-item__review-count">
                     (12,146)
                    </span>
                   </div>
                  </a>
                 </li>
                 <li class="rl-item hps-scroll-item" data-index="11">
                  <a href="/vp/products/6299780467?itemId=13019344182&amp;searchId=feed-0338585017ba48f7bf828071471288d3-view_together_ads-P227331483&amp;vendorItemId=80283147873&amp;sourceType=SDP_ADS&amp;clickEventId=ce0c6120-1f2a-11ef-a083-fbfb71fc44bd" target="_blank" title="푸드원 맛닭 냉장 훈제 닭가슴살 저염분, 100g, 60개">
                   <div class="rl-item__image-wrap">
                    <img alt="푸드원 맛닭 냉장 훈제 닭가슴살 저염분, 100g, 60개" class="rl-item__image" onerror="this.src='//t1a.coupangcdn.com/thumbnails/remote/300x300/image/coupang/common/no_img_1000_1000.png'" src="//thumbnail6.coupangcdn.com/thumbnails/remote/300x300ex/image/vendor_inventory/7675/d3dd62a8faa315ff4dc2a2dcb6a6bf2c5539c83cdd3d4db66796d63d1421.jpg"/>
                   </div>
                   <strong class="rl-item__title">
                    푸드원 맛닭 냉장 훈제 닭가슴살 저염분, 100g, 60개
                   </strong>
                   <div class="clearFix">
                    <span class="rl-item__price">
                     <em>
                      100,000
                     </em>
                     원
                    </span>
                   </div>
                   <div class="rl-item__unit-price">
                    (100g당 1,667원)
                   </div>
                   <div class="rl-item__review">
                    <span class="rl-item__review-score-bg">
                     <span class="rl-item__review-score" style="width: 90%;">
                      <em>
                       90%
                      </em>
                     </span>
                    </span>
                    <span class="rl-item__review-count">
                     (2,268)
                    </span>
                   </div>
                  </a>
                 </li>
                 <li class="rl-item hps-scroll-item" data-index="12">
                  <a href="/vp/products/24565035?itemId=95611732&amp;searchId=feed-0338585017ba48f7bf828071471288d3-view_together_ads-P227331483&amp;vendorItemId=3055261611&amp;sourceType=SDP_ADS&amp;clickEventId=ce0c8830-1f2a-11ef-ad33-4edffa2afd3c" target="_blank" title="맛있닭 닭가슴살 스테이크 오리지널, 100g, 10개">
                   <div class="rl-item__image-wrap">
                    <img alt="맛있닭 닭가슴살 스테이크 오리지널, 100g, 10개" class="rl-item__image" onerror="this.src='//t1a.coupangcdn.com/thumbnails/remote/300x300/image/coupang/common/no_img_1000_1000.png'" src="//thumbnail6.coupangcdn.com/thumbnails/remote/300x300ex/image/product/image/vendoritem/2018/05/08/3055261611/e74c8a45-ff3f-4493-953d-fbfec3ae53f0.jpg"/>
                   </div>
                   <strong class="rl-item__title">
                    맛있닭 닭가슴살 스테이크 오리지널, 100g, 10개
                   </strong>
                   <div class="clearFix">
                    <span class="rl-item__price">
                     <em>
                      24,500
                     </em>
                     원
                    </span>
                   </div>
                   <div class="rl-item__unit-price">
                    (100g당 2,450원)
                   </div>
                   <div class="rl-item__review">
                    <span class="rl-item__review-score-bg">
                     <span class="rl-item__review-score" style="width: 90%;">
                      <em>
                       90%
                      </em>
                     </span>
                    </span>
                    <span class="rl-item__review-count">
                     (35,406)
                    </span>
                   </div>
                  </a>
                 </li>
                 <li class="rl-item hps-scroll-item" data-index="13">
                  <a href="/vp/products/7723471420?itemId=20734352774&amp;searchId=feed-0338585017ba48f7bf828071471288d3-view_together_ads-P227331483&amp;vendorItemId=87804886151&amp;sourceType=SDP_ADS&amp;clickEventId=ce0c8830-1f2a-11ef-956b-5a0628ee793c" target="_blank" title="햇살닭 더촉촉한 닭가슴살 100g 9종 18팩(각 2팩씩) / 소스 / 혼합구성, 1세트">
                   <div class="rl-item__image-wrap">
                    <img alt="햇살닭 더촉촉한 닭가슴살 100g 9종 18팩(각 2팩씩) / 소스 / 혼합구성, 1세트" class="rl-item__image" onerror="this.src='//t1a.coupangcdn.com/thumbnails/remote/300x300/image/coupang/common/no_img_1000_1000.png'" src="//thumbnail10.coupangcdn.com/thumbnails/remote/300x300ex/image/vendor_inventory/f181/704c145a104a1ec8275707ea13a012e1d35a86e5024b7b202bc5af26d464.jpg"/>
                   </div>
                   <strong class="rl-item__title">
                    햇살닭 더촉촉한 닭가슴살 100g 9종 18팩(각 2팩씩) / 소스 / 혼합구성, 1세트
                   </strong>
                   <div class="clearFix">
                    <span class="rl-item__price">
                     <em>
                      27,800
                     </em>
                     원
                    </span>
                   </div>
                   <div class="rl-item__unit-price">
                    (100g당 27,800원)
                   </div>
                   <div class="rl-item__review">
                    <span class="rl-item__review-score-bg">
                     <span class="rl-item__review-score" style="width: 100%;">
                      <em>
                       100%
                      </em>
                     </span>
                    </span>
                    <span class="rl-item__review-count">
                     (129)
                    </span>
                   </div>
                  </a>
                 </li>
                 <li class="rl-item hps-scroll-item" data-index="14">
                  <a href="/vp/products/7662976791?itemId=20712821292&amp;searchId=feed-0338585017ba48f7bf828071471288d3-view_together_ads-P227331483&amp;vendorItemId=81130211863&amp;sourceType=SDP_ADS&amp;clickEventId=ce0c8830-1f2a-11ef-a050-9942b4b1b629" target="_blank" title="킹닭 훈제 닭다리살 200g x 30팩 통닭다리살 통다리살 식단관리 닭다리 순살, 30개">
                   <div class="rl-item__image-wrap">
                    <img alt="킹닭 훈제 닭다리살 200g x 30팩 통닭다리살 통다리살 식단관리 닭다리 순살, 30개" class="rl-item__image" onerror="this.src='//t1a.coupangcdn.com/thumbnails/remote/300x300/image/coupang/common/no_img_1000_1000.png'" src="//thumbnail6.coupangcdn.com/thumbnails/remote/300x300ex/image/vendor_inventory/9e59/6f1bc13dc63310a8923cdd39a91791fa5ee7702b33024e76a7aa8cf3eb41.jpg"/>
                   </div>
                   <strong class="rl-item__title">
                    킹닭 훈제 닭다리살 200g x 30팩 통닭다리살 통다리살 식단관리 닭다리 순살, 30개
                   </strong>
                   <div class="clearFix">
                    <span class="rl-item__price">
                     <em>
                      89,900
                     </em>
                     원
                    </span>
                   </div>
                   <div class="rl-item__unit-price">
                    (100g당 1,498원)
                   </div>
                   <div class="rl-item__review">
                    <span class="rl-item__review-score-bg">
                     <span class="rl-item__review-score" style="width: 90%;">
                      <em>
                       90%
                      </em>
                     </span>
                    </span>
                    <span class="rl-item__review-count">
                     (3,758)
                    </span>
                   </div>
                  </a>
                 </li>
                 <li class="rl-item hps-scroll-item" data-index="15">
                  <a href="/vp/products/7735004311?itemId=20795210651&amp;searchId=feed-0338585017ba48f7bf828071471288d3-view_together_ads-P227331483&amp;vendorItemId=87864700531&amp;sourceType=SDP_ADS&amp;clickEventId=ce0c8830-1f2a-11ef-b559-8e6537a840a5" target="_blank" title="햇살닭 더촉촉한 소스 닭가슴살 6종 12팩(각 2팩씩) 100g / 소스 / 혼합구성, 12개">
                   <div class="rl-item__image-wrap">
                    <img alt="햇살닭 더촉촉한 소스 닭가슴살 6종 12팩(각 2팩씩) 100g / 소스 / 혼합구성, 12개" class="rl-item__image" onerror="this.src='//t1a.coupangcdn.com/thumbnails/remote/300x300/image/coupang/common/no_img_1000_1000.png'" src="//thumbnail6.coupangcdn.com/thumbnails/remote/300x300ex/image/vendor_inventory/0d51/ffa11465ee36115acb13bd242b419782b4d0d0cf7bddb63ecf8523669f5b.jpg"/>
                   </div>
                   <strong class="rl-item__title">
                    햇살닭 더촉촉한 소스 닭가슴살 6종 12팩(각 2팩씩) 100g / 소스 / 혼합구성, 12개
                   </strong>
                   <div class="clearFix">
                    <span class="rl-item__price">
                     <em>
                      18,800
                     </em>
                     원
                    </span>
                   </div>
                   <div class="rl-item__unit-price">
                    (100g당 1,567원)
                   </div>
                   <div class="rl-item__review">
                    <span class="rl-item__review-score-bg">
                     <span class="rl-item__review-score" style="width: 90%;">
                      <em>
                       90%
                      </em>
                     </span>
                    </span>
                    <span class="rl-item__review-count">
                     (105)
                    </span>
                   </div>
                  </a>
                 </li>
                 <li class="rl-item hps-scroll-item" data-index="16">
                  <a href="/vp/products/196789286?itemId=566951366&amp;searchId=feed-0338585017ba48f7bf828071471288d3-view_together_ads-P227331483&amp;vendorItemId=4488228394&amp;sourceType=SDP_ADS&amp;clickEventId=ce0c8830-1f2a-11ef-807e-5dda01b12075" target="_blank" title="자연의닭 냉장 닭가슴살(껍질없음), 1개, 5kg">
                   <div class="rl-item__image-wrap">
                    <img alt="자연의닭 냉장 닭가슴살(껍질없음), 1개, 5kg" class="rl-item__image" onerror="this.src='//t1a.coupangcdn.com/thumbnails/remote/300x300/image/coupang/common/no_img_1000_1000.png'" src="//thumbnail9.coupangcdn.com/thumbnails/remote/300x300ex/image/vendor_inventory/1415/ca5d4bd440ac119815b4467aa6504730692d458b24a1a19df1c47876341c.jpg"/>
                   </div>
                   <strong class="rl-item__title">
                    자연의닭 냉장 닭가슴살(껍질없음), 1개, 5kg
                   </strong>
                   <div class="clearFix">
                    <span class="rl-item__price">
                     <em>
                      32,000
                     </em>
                     원
                    </span>
                   </div>
                   <div class="rl-item__unit-price">
                    (100g당 640원)
                   </div>
                   <div class="rl-item__review">
                    <span class="rl-item__review-score-bg">
                     <span class="rl-item__review-score" style="width: 100%;">
                      <em>
                       100%
                      </em>
                     </span>
                    </span>
                    <span class="rl-item__review-count">
                     (2,632)
                    </span>
                   </div>
                  </a>
                 </li>
                 <li class="rl-item hps-scroll-item" data-index="17">
                  <a href="/vp/products/7786499999?itemId=13947564059&amp;searchId=feed-0338585017ba48f7bf828071471288d3-view_together_ads-P227331483&amp;vendorItemId=81196775568&amp;sourceType=SDP_ADS&amp;clickEventId=ce0caf40-1f2a-11ef-b96a-1b0ef70b2693" target="_blank" title="소스 닭가슴살 15팩 7종 혼합세트 훈제 스팀 그릴 냉동 슬라이스 소세지 볼 큐브, 1세트, 100g">
                   <div class="rl-item__image-wrap">
                    <img alt="소스 닭가슴살 15팩 7종 혼합세트 훈제 스팀 그릴 냉동 슬라이스 소세지 볼 큐브, 1세트, 100g" class="rl-item__image" onerror="this.src='//t1a.coupangcdn.com/thumbnails/remote/300x300/image/coupang/common/no_img_1000_1000.png'" src="//thumbnail6.coupangcdn.com/thumbnails/remote/300x300ex/image/vendor_inventory/b56e/b2287857eaddd8fe06f59f9e0cf101f2da46e623f009182df6a5970abcf7.jpg"/>
                   </div>
                   <strong class="rl-item__title">
                    소스 닭가슴살 15팩 7종 혼합세트 훈제 스팀 그릴 냉동 슬라이스 소세지 볼 큐브, 1세트, 100g
                   </strong>
                   <div class="clearFix">
                    <span class="rl-item__price">
                     <em>
                      23,900
                     </em>
                     원
                    </span>
                   </div>
                   <div class="rl-item__unit-price">
                    (100g당 23,900원)
                   </div>
                   <div class="rl-item__review">
                    <span class="rl-item__review-score-bg">
                     <span class="rl-item__review-score" style="width: 90%;">
                      <em>
                       90%
                      </em>
                     </span>
                    </span>
                    <span class="rl-item__review-count">
                     (1,104)
                    </span>
                   </div>
                  </a>
                 </li>
                 <li class="rl-item hps-scroll-item" data-index="18">
                  <a href="/vp/products/6769210809?itemId=15888574049&amp;searchId=feed-0338585017ba48f7bf828071471288d3-view_together_ads-P227331483&amp;vendorItemId=83096813667&amp;sourceType=SDP_ADS&amp;clickEventId=ce0caf40-1f2a-11ef-8dc5-adc214eef3ba" target="_blank" title="육식토끼 소프트 닭가슴살 100g 3kg 30팩 혼합 3가지맛, 1세트">
                   <div class="rl-item__image-wrap">
                    <img alt="육식토끼 소프트 닭가슴살 100g 3kg 30팩 혼합 3가지맛, 1세트" class="rl-item__image" onerror="this.src='//t1a.coupangcdn.com/thumbnails/remote/300x300/image/coupang/common/no_img_1000_1000.png'" src="//thumbnail9.coupangcdn.com/thumbnails/remote/300x300ex/image/vendor_inventory/d4f1/5cf15e2748165ccd03efd1cfb8633b337f5062acc2cab2b0920adcc08d80.jpg"/>
                   </div>
                   <strong class="rl-item__title">
                    육식토끼 소프트 닭가슴살 100g 3kg 30팩 혼합 3가지맛, 1세트
                   </strong>
                   <div class="clearFix">
                    <span class="rl-item__price">
                     <em>
                      58,900
                     </em>
                     원
                    </span>
                   </div>
                   <div class="rl-item__review">
                    <span class="rl-item__review-score-bg">
                     <span class="rl-item__review-score" style="width: 90%;">
                      <em>
                       90%
                      </em>
                     </span>
                    </span>
                    <span class="rl-item__review-count">
                     (3,461)
                    </span>
                   </div>
                  </a>
                 </li>
                 <li class="rl-item hps-scroll-item" data-index="19">
                  <a href="/vp/products/7439901505?itemId=22706737335&amp;searchId=feed-0338585017ba48f7bf828071471288d3-view_together_ads-P227331483&amp;vendorItemId=89742270427&amp;sourceType=SDP_ADS&amp;clickEventId=ce0caf40-1f2a-11ef-a2ce-5ccc793d0ab0" target="_blank" title="닭가슴살 냉동 냉장 1kg헬스 통가슴살 1kg, 15개">
                   <div class="rl-item__image-wrap">
                    <img alt="닭가슴살 냉동 냉장 1kg헬스 통가슴살 1kg, 15개" class="rl-item__image" onerror="this.src='//t1a.coupangcdn.com/thumbnails/remote/300x300/image/coupang/common/no_img_1000_1000.png'" src="//thumbnail10.coupangcdn.com/thumbnails/remote/300x300ex/image/vendor_inventory/5b2e/f19a1fbc53f4ccd61af4185011d35b0f4e7de117d3988bb448dd4b525476.png"/>
                   </div>
                   <strong class="rl-item__title">
                    닭가슴살 냉동 냉장 1kg헬스 통가슴살 1kg, 15개
                   </strong>
                   <div class="clearFix">
                    <span class="rl-item__price">
                     <em>
                      92,720
                     </em>
                     원
                    </span>
                   </div>
                   <div class="rl-item__unit-price">
                    (100g당 618원)
                   </div>
                   <div class="rl-item__review">
                    <span class="rl-item__review-score-bg">
                     <span class="rl-item__review-score" style="width: 100%;">
                      <em>
                       100%
                      </em>
                     </span>
                    </span>
                    <span class="rl-item__review-count">
                     (142)
                    </span>
                   </div>
                  </a>
                 </li>
                 <li class="rl-item hps-scroll-item" data-index="20">
                  <a href="/vp/products/7266771281?itemId=18522571261&amp;searchId=feed-0338585017ba48f7bf828071471288d3-view_together_ads-P227331483&amp;vendorItemId=85474661422&amp;sourceType=SDP_ADS&amp;clickEventId=ce0caf40-1f2a-11ef-b7e8-23ddaa3045c2" target="_blank" title="브린 껍질없는 닭가슴살, 1개, 5kg">
                   <div class="rl-item__image-wrap">
                    <img alt="브린 껍질없는 닭가슴살, 1개, 5kg" class="rl-item__image" onerror="this.src='//t1a.coupangcdn.com/thumbnails/remote/300x300/image/coupang/common/no_img_1000_1000.png'" src="//thumbnail10.coupangcdn.com/thumbnails/remote/300x300ex/image/vendor_inventory/3b8c/094ccf766ef22b83ffc47fa1f4bd0d08c052b0c8a2733d4e38ead3c87f98.jpg"/>
                   </div>
                   <strong class="rl-item__title">
                    브린 껍질없는 닭가슴살, 1개, 5kg
                   </strong>
                   <div class="clearFix">
                    <span class="rl-item__price">
                     <em>
                      30,290
                     </em>
                     원
                    </span>
                   </div>
                   <div class="rl-item__unit-price">
                    (100g당 606원)
                   </div>
                   <div class="rl-item__review">
                    <span class="rl-item__review-score-bg">
                     <span class="rl-item__review-score" style="width: 100%;">
                      <em>
                       100%
                      </em>
                     </span>
                    </span>
                    <span class="rl-item__review-count">
                     (1,090)
                    </span>
                   </div>
                  </a>
                 </li>
                 <li class="rl-item hps-scroll-item" data-index="21">
                  <a href="/vp/products/7238666701?itemId=18386622536&amp;searchId=feed-0338585017ba48f7bf828071471288d3-view_together_ads-P227331483&amp;vendorItemId=73562117914&amp;sourceType=SDP_ADS&amp;clickEventId=ce0caf40-1f2a-11ef-872f-5ed42f92f31a" target="_blank" title="치킨마켓 국내산 냉동 생닭가슴살10kg(1kg X 10팩), 1kg, 10개">
                   <div class="rl-item__image-wrap">
                    <img alt="치킨마켓 국내산 냉동 생닭가슴살10kg(1kg X 10팩), 1kg, 10개" class="rl-item__image" onerror="this.src='//t1a.coupangcdn.com/thumbnails/remote/300x300/image/coupang/common/no_img_1000_1000.png'" src="//thumbnail10.coupangcdn.com/thumbnails/remote/300x300ex/image/vendor_inventory/8782/d5161a045970386799f1e604988dcbaa0f977b5058db7025dd98bddf912b.png"/>
                   </div>
                   <strong class="rl-item__title">
                    치킨마켓 국내산 냉동 생닭가슴살10kg(1kg X 10팩), 1kg, 10개
                   </strong>
                   <div class="clearFix">
                    <span class="rl-item__price">
                     <em>
                      52,900
                     </em>
                     원
                    </span>
                   </div>
                   <div class="rl-item__unit-price">
                    (100g당 529원)
                   </div>
                   <div class="rl-item__review">
                    <span class="rl-item__review-score-bg">
                     <span class="rl-item__review-score" style="width: 100%;">
                      <em>
                       100%
                      </em>
                     </span>
                    </span>
                    <span class="rl-item__review-count">
                     (265)
                    </span>
                   </div>
                  </a>
                 </li>
                 <li class="rl-item hps-scroll-item" data-index="22">
                  <a href="/vp/products/5521793649?itemId=8638097643&amp;searchId=feed-0338585017ba48f7bf828071471288d3-view_together_ads-P227331483&amp;vendorItemId=75925321362&amp;sourceType=SDP_ADS&amp;clickEventId=ce0caf40-1f2a-11ef-b059-4988a32ecf6a" target="_blank" title="육식토끼 닭가슴살 블랙페퍼, 150g, 67개">
                   <div class="rl-item__image-wrap">
                    <img alt="육식토끼 닭가슴살 블랙페퍼, 150g, 67개" class="rl-item__image" onerror="this.src='//t1a.coupangcdn.com/thumbnails/remote/300x300/image/coupang/common/no_img_1000_1000.png'" src="//thumbnail8.coupangcdn.com/thumbnails/remote/300x300ex/image/vendor_inventory/b3b5/75a51bc0bd7ad4ce853b034535a3c2a0dff5b45a0b8b54159c37a1c81731.jpg"/>
                   </div>
                   <strong class="rl-item__title">
                    육식토끼 닭가슴살 블랙페퍼, 150g, 67개
                   </strong>
                   <div class="clearFix">
                    <span class="rl-item__price">
                     <em>
                      155,000
                     </em>
                     원
                    </span>
                   </div>
                   <div class="rl-item__unit-price">
                    (100g당 1,542원)
                   </div>
                   <div class="rl-item__review">
                    <span class="rl-item__review-score-bg">
                     <span class="rl-item__review-score" style="width: 90%;">
                      <em>
                       90%
                      </em>
                     </span>
                    </span>
                    <span class="rl-item__review-count">
                     (1,320)
                    </span>
                   </div>
                  </a>
                 </li>
                 <li class="rl-item hps-scroll-item" data-index="23">
                  <a href="/vp/products/6344870476?itemId=13326723075&amp;searchId=feed-0338585017ba48f7bf828071471288d3-view_together_ads-P227331483&amp;vendorItemId=80580689743&amp;sourceType=SDP_ADS&amp;clickEventId=ce0caf40-1f2a-11ef-b66b-970d9a2cf9da" target="_blank" title="방탄푸드 닭가슴살 소시지 핫바 70g 4종 24팩 오리지널6+깻잎6+청양고추6+불닭6, 1세트">
                   <div class="rl-item__image-wrap">
                    <img alt="방탄푸드 닭가슴살 소시지 핫바 70g 4종 24팩 오리지널6+깻잎6+청양고추6+불닭6, 1세트" class="rl-item__image" onerror="this.src='//t1a.coupangcdn.com/thumbnails/remote/300x300/image/coupang/common/no_img_1000_1000.png'" src="//thumbnail6.coupangcdn.com/thumbnails/remote/300x300ex/image/vendor_inventory/53ac/22b4139e0f7b8b55cbbb73aa41792d7ca90f4c69d7e1bd3236a202e53579.jpg"/>
                   </div>
                   <strong class="rl-item__title">
                    방탄푸드 닭가슴살 소시지 핫바 70g 4종 24팩 오리지널6+깻잎6+청양고추6+불닭6, 1세트
                   </strong>
                   <div class="clearFix">
                    <span class="rl-item__price">
                     <em>
                      29,900
                     </em>
                     원
                    </span>
                   </div>
                   <div class="rl-item__review">
                    <span class="rl-item__review-score-bg">
                     <span class="rl-item__review-score" style="width: 90%;">
                      <em>
                       90%
                      </em>
                     </span>
                    </span>
                    <span class="rl-item__review-count">
                     (3,365)
                    </span>
                   </div>
                  </a>
                 </li>
                 <li class="rl-item hps-scroll-item" data-index="24">
                  <a href="/vp/products/7786499922?itemId=20469688899&amp;searchId=feed-0338585017ba48f7bf828071471288d3-view_together_ads-P227331483&amp;vendorItemId=87549101624&amp;sourceType=SDP_ADS&amp;clickEventId=ce0caf40-1f2a-11ef-a4d9-caa7a2915829" target="_blank" title="서동 맛에 반했닭 닭가슴살 (통구이마늘4 + 유린기4 + 떡볶이4 + 양념치킨4 + 왕갈비4 / 총 20팩), 20팩, 100g">
                   <div class="rl-item__image-wrap">
                    <img alt="서동 맛에 반했닭 닭가슴살 (통구이마늘4 + 유린기4 + 떡볶이4 + 양념치킨4 + 왕갈비4 / 총 20팩), 20팩, 100g" class="rl-item__image" onerror="this.src='//t1a.coupangcdn.com/thumbnails/remote/300x300/image/coupang/common/no_img_1000_1000.png'" src="//thumbnail6.coupangcdn.com/thumbnails/remote/300x300ex/image/vendor_inventory/fab0/e991dcaab43d30addbb50d8451c2e937d280e076171a51bd07d4d9fe9775.jpg"/>
                   </div>
                   <strong class="rl-item__title">
                    서동 맛에 반했닭 닭가슴살 (통구이마늘4 + 유린기4 + 떡볶이4 + 양념치킨4 + 왕갈비4 / 총 20팩), 20팩, 100g
                   </strong>
                   <div class="clearFix">
                    <span class="rl-item__price">
                     <em>
                      31,060
                     </em>
                     원
                    </span>
                   </div>
                   <div class="rl-item__unit-price">
                    (100g당 1,553원)
                   </div>
                   <div class="rl-item__review">
                    <span class="rl-item__review-score-bg">
                     <span class="rl-item__review-score" style="width: 90%;">
                      <em>
                       90%
                      </em>
                     </span>
                    </span>
                    <span class="rl-item__review-count">
                     (340)
                    </span>
                   </div>
                  </a>
                 </li>
                 <li class="rl-item hps-scroll-item" data-index="25">
                  <a href="/vp/products/7387895621?itemId=19094982254&amp;searchId=feed-0338585017ba48f7bf828071471288d3-view_together_ads-P227331483&amp;vendorItemId=78419429296&amp;sourceType=SDP_ADS&amp;clickEventId=ce0cd650-1f2a-11ef-a40d-325ba4836915" target="_blank" title="홀리닭 바로먹는 실온 닭가슴살 5종 혼합, 12세트">
                   <div class="rl-item__image-wrap">
                    <img alt="홀리닭 바로먹는 실온 닭가슴살 5종 혼합, 12세트" class="rl-item__image" onerror="this.src='//t1a.coupangcdn.com/thumbnails/remote/300x300/image/coupang/common/no_img_1000_1000.png'" src="//thumbnail8.coupangcdn.com/thumbnails/remote/300x300ex/image/vendor_inventory/8202/48a380b5957e3d985a5c3dff5ab93e26594a0740f6e593900cdf84058fa9.jpg"/>
                   </div>
                   <strong class="rl-item__title">
                    홀리닭 바로먹는 실온 닭가슴살 5종 혼합, 12세트
                   </strong>
                   <div class="clearFix">
                    <span class="rl-item__price">
                     <em>
                      124,000
                     </em>
                     원
                    </span>
                   </div>
                   <div class="rl-item__review">
                    <span class="rl-item__review-score-bg">
                     <span class="rl-item__review-score" style="width: 90%;">
                      <em>
                       90%
                      </em>
                     </span>
                    </span>
                    <span class="rl-item__review-count">
                     (1,510)
                    </span>
                   </div>
                  </a>
                 </li>
                 <li class="rl-item hps-scroll-item" data-index="26">
                  <a href="/vp/products/7297069501?itemId=18771918813&amp;searchId=feed-0338585017ba48f7bf828071471288d3-view_together_ads-P227331483&amp;vendorItemId=83029707699&amp;sourceType=SDP_ADS&amp;clickEventId=ce0cd650-1f2a-11ef-92bd-68cab7126e3e" target="_blank" title="킹닭 스팀허브 닭가슴살 100g x 50팩 냉동 닭가슴살 스팀 닭가슴살 스테이크, 50개">
                   <div class="rl-item__image-wrap">
                    <img alt="킹닭 스팀허브 닭가슴살 100g x 50팩 냉동 닭가슴살 스팀 닭가슴살 스테이크, 50개" class="rl-item__image" onerror="this.src='//t1a.coupangcdn.com/thumbnails/remote/300x300/image/coupang/common/no_img_1000_1000.png'" src="//thumbnail7.coupangcdn.com/thumbnails/remote/300x300ex/image/vendor_inventory/95e9/3ea5f1ee3c1591599d834d628128419d4da2305ad1d572aa1b0d5887a4d5.jpg"/>
                   </div>
                   <strong class="rl-item__title">
                    킹닭 스팀허브 닭가슴살 100g x 50팩 냉동 닭가슴살 스팀 닭가슴살 스테이크, 50개
                   </strong>
                   <div class="clearFix">
                    <span class="rl-item__price">
                     <em>
                      89,900
                     </em>
                     원
                    </span>
                   </div>
                   <div class="rl-item__unit-price">
                    (100g당 1,798원)
                   </div>
                   <div class="rl-item__review">
                    <span class="rl-item__review-score-bg">
                     <span class="rl-item__review-score" style="width: 90%;">
                      <em>
                       90%
                      </em>
                     </span>
                    </span>
                    <span class="rl-item__review-count">
                     (1,454)
                    </span>
                   </div>
                  </a>
                 </li>
                 <li class="rl-item hps-scroll-item" data-index="27">
                  <a href="/vp/products/7973091423?itemId=22089940399&amp;searchId=feed-0338585017ba48f7bf828071471288d3-view_together_ads-P227331483&amp;vendorItemId=88041078102&amp;sourceType=SDP_ADS&amp;clickEventId=ce0cd650-1f2a-11ef-a00b-3f975c0b43a1" target="_blank" title="굽네 수비드 닭가슴살 소프트 100g, 10개">
                   <div class="rl-item__image-wrap">
                    <img alt="굽네 수비드 닭가슴살 소프트 100g, 10개" class="rl-item__image" onerror="this.src='//t1a.coupangcdn.com/thumbnails/remote/300x300/image/coupang/common/no_img_1000_1000.png'" src="//thumbnail10.coupangcdn.com/thumbnails/remote/300x300ex/image/vendor_inventory/fca0/d767751785860acd3f407e4f155db2715d240e69b27ee42662005d0b2edb.jpg"/>
                   </div>
                   <strong class="rl-item__title">
                    굽네 수비드 닭가슴살 소프트 100g, 10개
                   </strong>
                   <div class="clearFix">
                    <span class="rl-item__price">
                     <em>
                      27,000
                     </em>
                     원
                    </span>
                   </div>
                   <div class="rl-item__unit-price">
                    (100g당 2,700원)
                   </div>
                   <div class="rl-item__review">
                    <span class="rl-item__review-score-bg">
                     <span class="rl-item__review-score" style="width: 100%;">
                      <em>
                       100%
                      </em>
                     </span>
                    </span>
                    <span class="rl-item__review-count">
                     (28)
                    </span>
                   </div>
                  </a>
                 </li>
                 <li class="rl-item hps-scroll-item" data-index="28">
                  <a href="/vp/products/1142386813?itemId=2113736989&amp;searchId=feed-0338585017ba48f7bf828071471288d3-view_together_ads-P227331483&amp;vendorItemId=70112385191&amp;sourceType=SDP_ADS&amp;clickEventId=ce0cd650-1f2a-11ef-8ce8-7fa3441c35ec" target="_blank" title="다향오리 촉촉 닭가슴살, 600g, 1개">
                   <div class="rl-item__image-wrap">
                    <img alt="다향오리 촉촉 닭가슴살, 600g, 1개" class="rl-item__image" onerror="this.src='//t1a.coupangcdn.com/thumbnails/remote/300x300/image/coupang/common/no_img_1000_1000.png'" src="//thumbnail7.coupangcdn.com/thumbnails/remote/300x300ex/image/retail/images/1770711897208222-9df7db60-13cd-414b-880c-6ff5f7858954.jpg"/>
                   </div>
                   <strong class="rl-item__title">
                    다향오리 촉촉 닭가슴살, 600g, 1개
                   </strong>
                   <div class="clearFix">
                    <span class="rl-item__price">
                     <em>
                      11,600
                     </em>
                     원
                    </span>
                    <img class="rl-item__badge" src="//image7.coupangcdn.com/image/mobile_app/v3/brandsdp/loyalty/pc/rocket-fresh@2x.png"/>
                   </div>
                   <div class="rl-item__unit-price">
                    (100g당 1,933원)
                   </div>
                   <div class="rl-item__review">
                    <span class="rl-item__review-score-bg">
                     <span class="rl-item__review-score" style="width: 90%;">
                      <em>
                       90%
                      </em>
                     </span>
                    </span>
                    <span class="rl-item__review-count">
                     (454)
                    </span>
                   </div>
                  </a>
                 </li>
                 <li class="rl-item hps-scroll-item rl-last-item" data-index="29">
                  <a href="/vp/products/1144178958?itemId=2115923803&amp;searchId=feed-0338585017ba48f7bf828071471288d3-view_together_ads-P227331483&amp;vendorItemId=81351574895&amp;sourceType=SDP_ADS&amp;clickEventId=ce0cd650-1f2a-11ef-bf5e-08acb5e1661c" target="_blank" title="풀토래_신선냉장 닭가슴살_국내산, 1개, 5kg">
                   <div class="rl-item__image-wrap">
                    <img alt="풀토래_신선냉장 닭가슴살_국내산, 1개, 5kg" class="rl-item__image" onerror="this.src='//t1a.coupangcdn.com/thumbnails/remote/300x300/image/coupang/common/no_img_1000_1000.png'" src="//thumbnail8.coupangcdn.com/thumbnails/remote/300x300ex/image/vendor_inventory/ddde/6df37fd6b840d76077f8e45846337f6be7a347af2507a866a9f0cb001b00.jpg"/>
                   </div>
                   <strong class="rl-item__title">
                    풀토래_신선냉장 닭가슴살_국내산, 1개, 5kg
                   </strong>
                   <div class="clearFix">
                    <span class="rl-item__price">
                     <em>
                      31,270
                     </em>
                     원
                    </span>
                   </div>
                   <div class="rl-item__unit-price">
                    (100g당 625원)
                   </div>
                   <div class="rl-item__review">
                    <span class="rl-item__review-score-bg">
                     <span class="rl-item__review-score" style="width: 100%;">
                      <em>
                       100%
                      </em>
                     </span>
                    </span>
                    <span class="rl-item__review-count">
                     (10,009)
                    </span>
                   </div>
                  </a>
                 </li>
                </ul>
               </div>
              </div>
             </td>
            </tr>
           </table>
          </div>
          <div class="hps-pagination-buttons">
           <div class="hps-pagination-buttons__prev" style="cursor: inherit; opacity: 0; display: none;">
           </div>
           <div class="hps-pagination-buttons__next" style="cursor: pointer; opacity: 1; display: block;">
           </div>
          </div>
         </div>
        </div>
       </div>
      </div>
      <div class="invalid-category-best" id="categoryBest" style="display:none">
      </div>
      <div class="border-overlap">
      </div>
      <div class="sdp-ads impression-log" data-impression-event-name="sdp-ads" id="sdpAds" style="display: none;">
      </div>
      <div class="full-width" data-omp-sdp-widget-more-items="A" id="promotionCarousel" style="margin-top: 40px">
       <div class="gw_promotion carousel-widget-container" id="feed-9495ed59ebdd4dcea28e2724a56d37df-gw_promotion">
       </div>
      </div>
      <div data-jikgu-sdp-widget-promotion="A" id="jikguPromotionCarousel" style="margin-top: 40px">
      </div>
      <div id="sdp-mid-banner-btf-tab" style="display: none;">
      </div>
      <div class="tab" data-apply-mid-carousel-dco-converting="A" data-reordering-sdp-widgets="true" id="btfTab">
       <ul class="tab-titles">
        <li class="active" name="detail">
         상품상세
        </li>
        <li name="review">
         상품평
         <span class="product-tab-review-count">
          (92,306)
         </span>
        </li>
        <li name="qna">
         상품문의
        </li>
        <li name="etc">
         배송/교환/반품 안내
        </li>
       </ul>
       <ul class="tab-contents">
        <li class="product-detail tab-contents__content">
         <div class="prod-selling-point" style="display:none;">
          <div class="prod-selling-point__title">
           특장점
          </div>
          <div class="prod-selling-point__content">
          </div>
         </div>
         <div>
          <div class="product-essential-info essential-table-collapsed" id="itemBrief">
           <div class="product-item__table">
            <p class="table-title">
             필수 표기정보
            </p>
            <table class="prod-delivery-return-policy-table essential-info-table">
             <colgroup>
              <col width="150px"/>
              <col width="340px"/>
              <col width="150px"/>
              <col width="*"/>
             </colgroup>
             <tbody>
              <tr>
               <th>
                품목 또는 명칭
               </th>
               <td>
                컨텐츠 참조
               </td>
               <th>
                포장단위별 내용물의 용량(중량),수량,크기
               </th>
               <td>
                2kg, 1개
               </td>
              </tr>
              <tr>
               <th>
                생산자(수입자)
               </th>
               <td>
                컨텐츠 참조
               </td>
               <th>
                원산지
               </th>
               <td>
                컨텐츠 참조
               </td>
              </tr>
              <tr>
               <th>
                제조연월일, 소비기한 또는 품질유지기한
               </th>
               <td>
                소비기한(또는 유통기한) : 2025년 03월 23일 이거나 그 이후인 상품&lt;br /&gt;제조년월일 : 2024년 03월 24일 이후인 제조상품
               </td>
               <th>
                세부 품목군별 표시사항
               </th>
               <td>
                축산물 등급표시 : 해당 없음 / 이력번호 표시유무 : 이력번호 표시제품임
               </td>
              </tr>
              <tr>
               <th>
                수입식품 문구 여부
               </th>
               <td>
                해당없음
               </td>
               <th>
                상품구성
               </th>
               <td>
                닭가슴살 2kg, 1개
               </td>
              </tr>
              <tr>
               <th>
                보관방법,취급방법
               </th>
               <td>
                컨텐츠 참조
               </td>
               <th>
                소비자안전을 위한 주의사항
               </th>
               <td>
                컨텐츠 참조
               </td>
              </tr>
              <tr>
               <th>
                소비자상담관련 전화번호
               </th>
               <td colspan="3">
                쿠팡고객센터 1577-7011
               </td>
              </tr>
             </tbody>
            </table>
            <p class="essential-info-more">
             <a class="essential-info-more__btn" href="javascript:void(0)">
              필수 표기정보 더보기
              <span class="essential-info-more__btn__bg">
               더보기
              </span>
             </a>
            </p>
           </div>
          </div>
          <div class="custom-ditues">
          </div>
          <div class="product-detail-content product-detail-content-new hide-overflow" id="productDetail">
           <div class="product-detail-content-inside">
            <div class="vendor-item">
             <div class="type-IMAGE_NO_SPACE">
              <div class="subType-IMAGE">
               <img alt="" onerror="this.src='//t1a.coupangcdn.com/thumbnails/remote/622x622/image/coupang/common/no_img_1000_1000.png'" src="//thumbnail7.coupangcdn.com/thumbnails/remote/q89/image/retail/images/2108687016872341-626b5296-7c77-42c6-b18a-e0f663e0611b.jpg" width="100%"/>
              </div>
             </div>
             <div class="type-IMAGE_NO_SPACE">
              <div class="subType-IMAGE">
               <img alt="" onerror="this.src='//t1a.coupangcdn.com/thumbnails/remote/622x622/image/coupang/common/no_img_1000_1000.png'" src="//thumbnail6.coupangcdn.com/thumbnails/remote/q89/image/retail/images/5081773807499-9fa28968-fce9-445f-8465-50d09c949b37.jpg" width="100%"/>
              </div>
             </div>
             <div class="type-TEXT">
              <div class="subType-TEXT">
               <div style="max-width:780px;width:auto;margin:20px auto 10px auto;font-weight:bold;font-size:2.5em;line-height:1.2em;letter-spacing:-0.03em;color:#000">
                급속 동결한 닭가슴살
               </div>
               <div style="max-width:780px;width:auto;margin:10px auto 30px auto;font-size:1.2em;line-height:1.7em;letter-spacing:-0.01em">
                하림 IFF 닭가슴살을 만나보세요. 신선한 상태 그대로
                <b>
                 -35℃ 이하의 온도로 급속 동결
                </b>
                하여 맛이 그대로 살아있어요. 서로 붙지 않고
                <b>
                 한 덩어리씩 쉽게 떼어져
                </b>
                필요한 만큼 사용하기 좋지요.
               </div>
              </div>
             </div>
             <div class="type-IMAGE_NO_SPACE">
              <div class="subType-IMAGE">
               <img alt="" onerror="this.src='//t1a.coupangcdn.com/thumbnails/remote/622x622/image/coupang/common/no_img_1000_1000.png'" src="//thumbnail9.coupangcdn.com/thumbnails/remote/q89/image/retail/images/5086382558205-6310665c-d65a-4600-9e35-e4b84b95f0b1.jpg" width="100%"/>
              </div>
             </div>
             <div class="type-TEXT">
              <div class="subType-TEXT">
               <div style="max-width:780px;width:auto;margin:0 auto;padding:0px">
                <div style="border-top:1px solid #898989;margin:30px 0 20px 0">
                 <span style="background-color:#FFF;font-size:2em;line-height:0.6em;font-weight:bold;color:#000;letter-spacing:-0.06em;padding:10px 10px 0 0">
                  체크 포인트
                 </span>
                </div>
                <div style="max-width:780px;width:auto;margin:15px auto 0 auto;font-size:1.3em;line-height:1.9em;letter-spacing:-0.01em">
                 <img src="http://image11.coupangcdn.com/image/retail/images/690038009120223-99c56fbe-8101-4aaf-9a6e-ae14024768f1.png" style="max-width:25px;width:100%;vertical-align:middle"/>
                 안심할 수 있는 HACCP 인증 제품
                 <br/>
                 <img src="http://image11.coupangcdn.com/image/retail/images/690038009120223-99c56fbe-8101-4aaf-9a6e-ae14024768f1.png" style="max-width:25px;width:100%;vertical-align:middle"/>
                 프리미엄 닭고기를 제공하는
                 <b>
                  하림
                 </b>
                 <br/>
                 <img src="http://image11.coupangcdn.com/image/retail/images/690038009120223-99c56fbe-8101-4aaf-9a6e-ae14024768f1.png" style="max-width:25px;width:100%;vertical-align:middle"/>
                 <b>
                  품질 좋은 닭가슴살
                 </b>
                 을 엄선
                 <br/>
                 <img src="http://image11.coupangcdn.com/image/retail/images/690038009120223-99c56fbe-8101-4aaf-9a6e-ae14024768f1.png" style="max-width:25px;width:100%;vertical-align:middle"/>
                 개별 급속 냉동으로 신선함을 유지
                 <br/>
                 <img src="http://image11.coupangcdn.com/image/retail/images/690038009120223-99c56fbe-8101-4aaf-9a6e-ae14024768f1.png" style="max-width:25px;width:100%;vertical-align:middle"/>
                 냉동 보관
                 <br/>
                </div>
               </div>
              </div>
             </div>
             <div class="type-TEXT">
              <div class="subType-TEXT">
               <div style="max-width:780px;width:auto;margin:0 auto;padding:0px">
                <div style="border-top:1px solid #898989;margin:60px 0 20px 0">
                 <span style="background-color:#FFF;font-size:2em;line-height:0.6em;font-weight:bold;color:#000;letter-spacing:-0.06em;padding:10px 10px 0 0">
                  브랜드 이야기
                 </span>
                </div>
               </div>
               <div style="max-width:780px;width:auto;text-align:left;margin:40px auto 0 auto">
                <img align="middle" src="http://image11.coupangcdn.com/image/retail/images/58302277773865-0dc836a0-91ac-4d8d-be31-39185d765d2e.jpg" style="max-width:100%"/>
               </div>
               <p style="max-width:780px;width:auto;margin:20px auto 30px auto;font-size:1.2em;line-height:1.8em;letter-spacing:-0.01em">
                <b>
                 프리미엄 닭고기 브랜드, 하림
                </b>
                <br/>
                1978년부터 이어온 하림의 브랜드에 까다로운 품질 관리와 신뢰를 더했습니다. 하림은 항상 신선함과 깨끗함을 유지합니다. 육즙은 살리고 고기의 잔혈과 혈점을 없애 비린맛이 나지 않는 것이 하림 닭고기의 특징입니다.
                <br/>
               </p>
              </div>
             </div>
             <div class="type-TEXT">
              <div class="subType-TEXT">
               <p>
                <iframe frameborder="0" height="439" src="https://www.youtube.com/embed/C-Iborrb3OE?rel=0" width="780">
                </iframe>
                <br/>
               </p>
              </div>
             </div>
             <div class="type-TEXT">
              <div class="subType-TEXT">
               <div style="max-width:780px;width:auto;margin:0 auto;padding:0px">
                <div style="border-top:1px solid #898989;margin:60px 0 20px 0">
                 <span style="background-color:#FFF;font-size:2em;line-height:0.6em;font-weight:bold;color:#000;letter-spacing:-0.06em;padding:10px 10px 0 0">
                  레시피
                 </span>
                </div>
               </div>
               <div style="max-width:780px;width:auto;text-align:left;margin:40px auto 0 auto">
                <img align="middle" src="https://thumbnail6.coupangcdn.com/thumbnails/remote/q89/image/retail/images/306465717229420-e64f919a-7be5-4d6d-8faf-256906987264.jpg" style="max-width:100%"/>
               </div>
               <p style="max-width:780px;width:auto;margin:20px auto 0 auto;font-size:1.22em;line-height:1.7em;letter-spacing:-0.01em">
                <span style="font-size:1.4em;font-weight:bold;color:#000">
                 닭가슴살 카레
                </span>
                <br/>
                <strong>
                 재료:
                </strong>
                닭가슴살 200g, 감자 2개, 당근 1개, 양파 2개, 브로콜리 1/2개, 카레가루 1팩, 올리브유 2큰술
               </p>
               <p style="max-width:780px;width:auto;margin:15px auto 30px auto;font-size:1.22em;line-height:2.0em;letter-spacing:-0.01em">
                <strong style="color:#000">
                 1.
                </strong>
                손질한 감자와 당근, 양파는 먹기 좋게 깍둑 썰어주세요.
                <br/>
                <strong style="color:#000">
                 2.
                </strong>
                브로콜리는 먹기 좋은 크기로 송이송이 떼어주세요.
                <br/>
                <strong style="color:#000">
                 3.
                </strong>
                닭가슴살은 익히면 크기가 줄어드니 큼직하게 썰어주세요.
                <br/>
                <strong style="color:#000">
                 4.
                </strong>
                냄비에 올리브유와 야채를 넣고 볶아주세요.
                <br/>
                <strong style="color:#000">
                 5.
                </strong>
                야채가 어느 정도 익으면 닭가슴살을 넣고 볶아주세요.
                <br/>
                <strong style="color:#000">
                 6.
                </strong>
                재료가 잠길 정도로 물을 붓고 카레가루를 넣어주세요.
                <br/>
                <strong style="color:#000">
                 7.
                </strong>
                카레가 눌어붙지 않게 잘 저으면서 졸여주세요.
                <br/>
               </p>
              </div>
             </div>
             <div class="type-TEXT">
              <div class="subType-TEXT">
               <div style="max-width:780px;width:auto;margin:0 auto;padding:0px">
                <div style="border-top:1px solid #898989;margin:60px 0 20px 0">
                 <span style="background-color:#FFF;font-size:2em;line-height:0.6em;font-weight:bold;color:#000;letter-spacing:-0.06em;padding:10px 10px 0 0">
                  포장 정보
                 </span>
                </div>
               </div>
              </div>
             </div>
             <div class="type-IMAGE_NO_SPACE">
              <div class="subType-IMAGE">
               <img alt="" onerror="this.src='//t1a.coupangcdn.com/thumbnails/remote/622x622/image/coupang/common/no_img_1000_1000.png'" src="//thumbnail8.coupangcdn.com/thumbnails/remote/q89/image/retail/images/241298331300816-528654cb-471e-446f-a085-fc26a5d6b9d8.jpg" width="100%"/>
              </div>
             </div>
             <div class="type-TEXT">
              <div class="subType-TEXT">
               <div style="max-width:780px;width:auto;margin:0 auto;padding:0px">
                <div style="border-top:1px solid #898989;margin:60px 0 20px 0">
                 <span style="background-color:#FFF;font-size:2em;line-height:0.6em;font-weight:bold;color:#000;letter-spacing:-0.06em;padding:10px 10px 0 0">
                  추가 정보
                 </span>
                </div>
               </div>
               <div style="max-width:780px;width:auto;text-align:left;margin:40px auto 0 auto">
                <img align="middle" src="http://image11.coupangcdn.com/image/retail/images/2444590683383529-89d0dfdc-0184-49db-89e2-0a309342c5c4.jpg" style="max-width:100%"/>
               </div>
              </div>
             </div>
             <div class="type-TEXT">
              <div class="subType-TEXT">
               <div style="max-width:780px;width:auto;margin:0 auto;padding:0px">
                <div style="border-top:1px solid #898989;margin:60px 0 20px 0">
                 <span style="background-color:#FFF;font-size:2em;line-height:0.6em;font-weight:bold;color:#000;letter-spacing:-0.06em;padding:10px 10px 0 0">
                  사이즈
                 </span>
                </div>
               </div>
              </div>
             </div>
             <div class="type-IMAGE_NO_SPACE">
              <div class="subType-IMAGE">
               <img alt="" onerror="this.src='//t1a.coupangcdn.com/thumbnails/remote/622x622/image/coupang/common/no_img_1000_1000.png'" src="//thumbnail7.coupangcdn.com/thumbnails/remote/q89/image/retail/images/241302562579905-eb9642d4-fcfd-4f89-b95e-0e2f26d385d8.jpg" width="100%"/>
              </div>
             </div>
             <div class="type-TEXT">
              <div class="subType-TEXT">
               <a id="recipe-content-anchor" style="visibility:hidden;width:100%">
                content
               </a>
               <div class="recipe-info" style="display:none">
                <div style="max-width:780px;width:auto;margin:0 auto;padding:0px">
                 <div style="border-top:1px solid #898989;margin:60px 0 20px 0">
                  <span style="background-color:#FFF;font-size:2em;line-height:0.6em;font-weight:bold;color:#000;letter-spacing:-0.06em;padding:10px 10px 0 0">
                   추천 메뉴 만들기
                  </span>
                 </div>
                </div>
               </div>
               <div class="recipe-info" style="display:none">
                <div style="max-width:780px;width:auto;text-align:left;margin:40px auto 0 auto">
                 <img align="middle" src="http://image11.coupangcdn.com/image/retail/images/15227319211172-4ada4895-5ae6-4bd4-a37f-6a12f0deb374.jpg" style="max-width:100%"/>
                </div>
               </div>
               <div id="recipe-link-container" style="display:none">
                레시피 관련 상품 보기
               </div>
               <div class="recipe-info" style="display:none">
                <div style="max-width:780px;width:auto;text-align:left;margin:0 auto 0 auto">
                 <img align="middle" src="http://image11.coupangcdn.com/image/retail/images/15227212737762-17c967d6-1657-4d45-9c80-df35572b859f.jpg" style="max-width:100%"/>
                </div>
               </div>
              </div>
             </div>
             <div class="type-IMAGE_NO_SPACE">
              <div class="subType-IMAGE">
               <img alt="" onerror="this.src='//t1a.coupangcdn.com/thumbnails/remote/622x622/image/coupang/common/no_img_1000_1000.png'" src="//thumbnail10.coupangcdn.com/thumbnails/remote/q89/image/retail/images/743433964862599-df927c98-6b84-442a-8395-1140b8baaba0.jpg" width="100%"/>
              </div>
             </div>
             <div class="type-IMAGE_NO_SPACE">
              <div class="subType-IMAGE">
               <img alt="" onerror="this.src='//t1a.coupangcdn.com/thumbnails/remote/622x622/image/coupang/common/no_img_1000_1000.png'" src="//thumbnail9.coupangcdn.com/thumbnails/remote/q89/image/retail/images/657842546926827-3928290f-da9c-4c13-a941-fec3d72a0ae0.jpg" width="100%"/>
              </div>
             </div>
             <div class="type-IMAGE_NO_SPACE">
              <div class="subType-IMAGE">
               <img alt="" onerror="this.src='//t1a.coupangcdn.com/thumbnails/remote/622x622/image/coupang/common/no_img_1000_1000.png'" src="//thumbnail9.coupangcdn.com/thumbnails/remote/q89/image/retail/images/37840329652641-9ee54f09-d86d-40b1-9cef-d6dfeac2b7dc.jpg" width="100%"/>
              </div>
             </div>
            </div>
           </div>
           <div class="product-detail-seemore" style="display: block;">
            <div class="product-detail-seemore-btn">
             <h4 data-expand-text="상품정보 접기" data-normal-text="상품정보 더보기">
             </h4>
            </div>
           </div>
          </div>
         </div>
         <div data-impression-event-name="comparisonlist" id="comparisonList" style="overflow: hidden; padding-top: 30px; display: none;">
         </div>
         <div class="brand-other-products impression-log" data-impression-event-name="brandshop" data-params='{"logLabel":"brandShop","customUrl":"/sdp_brand_shop_banner","productLevel":"true"}' id="brandOtherProductsBottom" style="display:none; overflow: hidden; border-top: 1px solid #eee; margin-top: 30px;">
         </div>
         <div id="midCarousel2">
          <div style="
		width: 38px;
		height: 54px;
		position: absolute;
		z-index: 1;
		top: 50%;
		opacity: 0;
		transition: opacity 0.3s linear 0s;
		margin-top: -27px;
		cursor: pointer;
		left: 0;background: url(//static.coupangcdn.com/image/dragonstone/sdp/PCSDP_imageasset_171215-min.png) -176px -265px no-repeat;
	">
          </div>
          <div style="
		width: 38px;
		height: 54px;
		position: absolute;
		z-index: 1;
		top: 50%;
		opacity: 0;
		transition: opacity 0.3s linear 0s;
		margin-top: -27px;
		cursor: pointer;
		right: 0;background: url(//static.coupangcdn.com/image/dragonstone/sdp/PCSDP_imageasset_171215-min.png) -223px -265px no-repeat;
	">
          </div>
          <div class="cmg-dco-template" style="display: flex; flex-direction: column; background-color: rgba(255, 255, 255, 1); overflow: hidden;">
           <div style="display: flex; flex-direction: row; -webkit-box-sizing: border-box; width: 100%;; height: 54px; min-height: 54px; align-items: center">
            <div style="-webkit-line-clamp: 1; overflow: hidden; display: -webkit-box!important; -webkit-box-orient: vertical; width: 100%; flex-grow: 1; padding: 0px 0px 0px 6px">
             <span style="font-size: 18px; font-weight: bold; color: rgba(33, 43, 54, 1); word-break: break-all; vertical-align: middle">
              이런 상품은 어때요?
             </span>
            </div>
            <div style="-webkit-line-clamp: 1; overflow: hidden; display: -webkit-box!important; -webkit-box-orient: vertical; min-width: fit-content; width: fit-content; margin: 0px 16px 0px 0px">
             <span style="font-size: 12px; font-weight: normal; color: rgba(17, 17, 17, 0.3); word-break: break-all; vertical-align: middle">
              AD
             </span>
            </div>
           </div>
           <div class="cmg-dco-carousel" style="display: flex; flex-direction: row; -webkit-box-sizing: border-box; width: 100%;; margin: 0px 0px 0px 4px">
            <div style="display: flex; flex-direction: row; -webkit-box-sizing: border-box; min-width: fit-content; width: fit-content">
             <div class="cmg-dco-carousel-item cmg-dco-carousel-product" data-adsplatform='{"viewImpression": "https://mercury.coupang.com/e.gif?r=by13jexFf_9HbB9Pb6ZhNauAQRlaGJd3hMWE66IGjcjn-WmAqiJrhDmjsae5OunIXZ_2lUSYkv3640nyRQfSpiBQlp_6OYfbtJjSCwuIYkwrZCwWCoM_V1FjIR4nJkkAwOvq0K84MOEdUT0rK0nLUZPiuOjsn3D5A2TXvcrUsvRA6UuAfweH5cRH05pHhXfufEgiQdNH37A8P3aAZnnbGlOtj6lgKwh_1LqQ_SMyynBgviMUvPGR4wyfQSdk9u1RrC8d16aA0_fyb_hA-uqOnWoblZxJ9CreM3ZyhrsRUVbkAYCSi44JQha1pg_txMWcljToIa5Re7dyKUgSLvGwis-_DKJNpDiDiLKrK1vHwN_ulP34dQQhb_QaXQ7xdGHLp_Nl9j1uS5msAZAQ47x4sMecscekMGUelNEFSvsomk0N8ZOLYSInewlULNkLp01J6tXQIdUH5wtY2OmltbPVXhRnI5ar3rq9Rz5y4Qmuwr_ucarHEKGZTU97J7QtX5iAGITpI9ijLtLIeyVGlNUT9JR_ojs2XdGz9hkqSP4zk8C1Z96-r7VF93tAWwrMsODQjU3J-_EJcr714dI%3D%7EDPDl-1tu94TNyzttDExyKDcnQp0H7vP8gNCTf0qcfYGuCTbzABKTUQ8sqFGYXoEEIOEDI6hjfwgQZ_ovNsr1A7HmU4ItZ98acJEdonVZDT5HGLPfRjvdVRyA2IxZYTyf-O1yn5Mv4yTGCf-k23oNXgxwXw-pYHiQ1s6fUJp5MzoYfsZpMZmS9xtl-PIj6j6d1xaj5UMNaQCFyW5umsBqXSnfjqtzNuRvdApX4C8fiwtg22c-dHdk1sBJJTsphpoIc8RXiF3w-cTpr7Os7H5z-7JrMLTm25qV1V0G4QLUIPT-E1sGgjYjzYAT1c_LSagLmvfJXPqvgxGz7MO_Xz7WlVW-AvLRocrfXhl-hH8RypX3iKNnIsfVClMYiYswfNobPOo5WIIEPrGZweMxiqv9hw1JRAGAwWWMJWvpuJA%3D%7EyZhL9kvHcNycJyZTyaV-x6cqubHRrrquhAFemU_hR7SC4BSjUVVFkm63T0XdGZ0iBMbygIiObL-B&amp;templateId=3880"}' style="display: flex; flex-direction: column; width: 124px; min-width: 124px; margin: 0px 12px 16px 12px">
              <div style="width: 124px; min-width: 124px; height: 124px; min-height: 124px; margin: 0px 0px 8px 0px; overflow: hidden">
               <img class="main-image" src="https://thumbnail5.coupangcdn.com/thumbnails/remote/292x292q65ex/image/vendor_inventory/42cf/660886c82fd76951794530689c7a04f7a629fc0428eeb83759e0543c0bed.jpg" style="vertical-align: top; height: 100%; object-fit: contain;border-radius: 0px 0px 0px 0px;"/>
              </div>
              <div style="-webkit-line-clamp: 100; overflow: hidden; display: -webkit-box!important; -webkit-box-orient: vertical; min-width: fit-content; width: fit-content; padding: 0px 0px 6px 0px">
               <span style="font-size: 12px; font-weight: bold; color: rgba(99, 115, 129, 1); word-break: break-all; vertical-align: middle">
                무료배송
               </span>
              </div>
              <div style="-webkit-line-clamp: 2; overflow: hidden; display: -webkit-box!important; -webkit-box-orient: vertical; width: 100%;; margin: 0px 0px 4px 0px">
               <span class="product-title" style="font-size: 14px; font-weight: normal; color: rgba(33, 43, 54, 1); word-break: break-all; vertical-align: middle">
                조아닭 THE 소스가 맛있는 닭가슴살 3종 혼합 100g (숫불양념갈비맛10팩+매콤떡볶이맛10팩+양념치킨맛10팩), 1세트
               </span>
              </div>
              <div style="display: flex; flex-direction: row; -webkit-box-sizing: border-box; min-width: fit-content; width: fit-content; margin: 0px 0px 4px 0px; align-items: center">
               <div style="-webkit-line-clamp: 1; overflow: hidden; display: -webkit-box!important; -webkit-box-orient: vertical; min-width: fit-content; width: fit-content; margin: 0px 4px 0px 0px">
                <span style="font-size: 14px; font-weight: bold; color: rgba(203, 20, 0, 1); word-break: break-all; vertical-align: middle">
                 62,200원
                </span>
               </div>
              </div>
              <div style="display: flex; flex-direction: column; min-width: fit-content; width: fit-content; margin: 0px 0px 4px 0px">
              </div>
              <div style="display: flex; flex-direction: row; -webkit-box-sizing: border-box; min-width: fit-content; width: fit-content">
              </div>
              <div style="display: flex; flex-direction: row; -webkit-box-sizing: border-box; min-width: fit-content; width: fit-content; align-items: flex-end">
               <div style="display: flex; min-width: fit-content; width: fit-content; height: 13px; min-height: 13px; margin: 0px 2px 0px 0px">
                <span style="display: block; background-image: url(//static.coupangcdn.com/image/cmg/common/rating-star/RDS.png); background-repeat: no-repeat; width: 60px; height: 12px; background-size: 60px 24px; background-position: 0 -12px">
                 <em style="display: block; background-image: url(//static.coupangcdn.com/image/cmg/common/rating-star/RDS.png); background-repeat: no-repeat; width: 100%; height: 12px; background-size: 60px 24px; background-position: 0 0">
                 </em>
                </span>
               </div>
               <div style="-webkit-line-clamp: 1; overflow: hidden; display: -webkit-box!important; -webkit-box-orient: vertical; min-width: fit-content; width: fit-content">
                <span style="font-size: 12px; font-weight: normal; color: rgba(118, 134, 149, 1); word-break: break-all; vertical-align: middle">
                 (4,101)
                </span>
               </div>
              </div>
             </div>
             <div style="display: flex; flex-direction: column; width: 1px; min-width: 1px; align-self: stretch; margin: 0px 0px 16px 0px; background-color: rgba(238, 238, 238, 1)">
             </div>
            </div>
            <div style="display: flex; flex-direction: row; -webkit-box-sizing: border-box; min-width: fit-content; width: fit-content">
             <div class="cmg-dco-carousel-item cmg-dco-carousel-product" data-adsplatform='{"viewImpression": "https://mercury.coupang.com/e.gif?r=by13jexFf_9HbB9Pb6ZhNauAQRlaGJd3hMWE66IGjcjn-WmAqiJrhDmjsae5OunIXZ_2lUSYkv3640nyRQfSpiBQlp_6OYfbtJjSCwuIYkwrZCwWCoM_V1FjIR4nJkkAwOvq0K84MOEdUT0rK0nLUZPiuOjsn3D5A2TXvcrUsvRA6UuAfweH5cRH05pHhXfufEgiQdNH37A8P3aAZnnbGlOtj6lgKwh_1LqQ_SMyynBgviMUvPGR4wyfQSdk9u1RrC8d16aA0_fyb_hA-uqOnWoblZxJ9CreM3ZyhrsRUVbkAYCSi44JQha1pg_txMWcljToIa5Re7dyKUgSLvGwis-_DKJNpDiDiLKrK1vHwN_ulP34dQQhb_QaXQ7xdGHLp_Nl9j1uS5msAZAQ47x4sMecscekMGUelNEFSvsomk0N8ZOLYSInewlULNkLp01J6tXQIdUH5wtY2OmltbPVXhRnI5ar3rq9Rz5y4Qmuwr_ucarHEKGZTU97J7QtX5iAGITpI9ijLtLIeyVGlNUT9JR_ojs2XdGz9hkqSP4zk8C1Z96-r7VF93tAWwrMsODQjU3J-_EJcr714dI%3D%7EsyyqqrRPp2g0axKos4dM_oqzwYjIv2zlfpFJ_t1fp5zodyZIeptdUdtjqovp55WbkKUSM9xQrxCjX-dhMScPAfkh22D30VDERWhcI8jPws7Yjv7V3D18-ajXTtgIzJgOfPrGYD4Iw08qMbuZkHsOa5eMdonMujpLdbj18drziuGxGMXCTw_K87Mff6mE0lDjP8Ytji3ONLYKWSz3_kSBqoymkJI_88NWczt89QR3smAIQf44SrQzHwJc--xhohUWEnDpEa4mbFde7breuoJ6iYyMuAvICDIRou55GoxajcndE4FVtB6q_4UC7WXPLtedLdlu5L1LyKycTZH8yjItGY9f-iCt-Hi4YP48AmE9LpX6TWg0mV8UYw2jTlB7MzY2jE-6FWOUI3ZksGgkghpiO8UChmKNUNYgtv-hYg%3D%3D%7EyZhL9kvHcNycJyZTyaV-x6cqubHRrrquhAFemU_hR7SC4BSjUVVFkm63T0XdGZ0iBMbygIiObL-B&amp;templateId=3880"}' style="display: flex; flex-direction: column; width: 124px; min-width: 124px; margin: 0px 12px 16px 12px">
              <div style="width: 124px; min-width: 124px; height: 124px; min-height: 124px; margin: 0px 0px 8px 0px; overflow: hidden">
               <img class="main-image" src="https://thumbnail2.coupangcdn.com/thumbnails/remote/292x292q65ex/image/vendor_inventory/6855/84cf7b5004e82884e7bb6ee0483aca13cdcabad8e9fb0f7fdfed9188b53c.jpg" style="vertical-align: top; height: 100%; object-fit: contain;border-radius: 0px 0px 0px 0px;"/>
              </div>
              <div style="-webkit-line-clamp: 100; overflow: hidden; display: -webkit-box!important; -webkit-box-orient: vertical; min-width: fit-content; width: fit-content; padding: 0px 0px 6px 0px">
               <span style="font-size: 12px; font-weight: bold; color: rgba(99, 115, 129, 1); word-break: break-all; vertical-align: middle">
                무료배송
               </span>
              </div>
              <div style="-webkit-line-clamp: 2; overflow: hidden; display: -webkit-box!important; -webkit-box-orient: vertical; width: 100%;; margin: 0px 0px 4px 0px">
               <span class="product-title" style="font-size: 14px; font-weight: normal; color: rgba(33, 43, 54, 1); word-break: break-all; vertical-align: middle">
                네네치킨 네꼬닭 소스 닭가슴살 혼합구성, 100g, 42세트
               </span>
              </div>
              <div style="display: flex; flex-direction: row; -webkit-box-sizing: border-box; min-width: fit-content; width: fit-content; margin: 0px 0px 4px 0px; align-items: center">
               <div style="-webkit-line-clamp: 1; overflow: hidden; display: -webkit-box!important; -webkit-box-orient: vertical; min-width: fit-content; width: fit-content; margin: 0px 4px 0px 0px">
                <span style="font-size: 14px; font-weight: bold; color: rgba(203, 20, 0, 1); word-break: break-all; vertical-align: middle">
                 68,900원
                </span>
               </div>
              </div>
              <div style="display: flex; flex-direction: column; min-width: fit-content; width: fit-content; margin: 0px 0px 4px 0px">
              </div>
              <div style="display: flex; flex-direction: row; -webkit-box-sizing: border-box; min-width: fit-content; width: fit-content">
              </div>
              <div style="display: flex; flex-direction: row; -webkit-box-sizing: border-box; min-width: fit-content; width: fit-content; align-items: flex-end">
               <div style="display: flex; min-width: fit-content; width: fit-content; height: 13px; min-height: 13px; margin: 0px 2px 0px 0px">
                <span style="display: block; background-image: url(//static.coupangcdn.com/image/cmg/common/rating-star/RDS.png); background-repeat: no-repeat; width: 60px; height: 12px; background-size: 60px 24px; background-position: 0 -12px">
                 <em style="display: block; background-image: url(//static.coupangcdn.com/image/cmg/common/rating-star/RDS.png); background-repeat: no-repeat; width: 100%; height: 12px; background-size: 60px 24px; background-position: 0 0">
                 </em>
                </span>
               </div>
               <div style="-webkit-line-clamp: 1; overflow: hidden; display: -webkit-box!important; -webkit-box-orient: vertical; min-width: fit-content; width: fit-content">
                <span style="font-size: 12px; font-weight: normal; color: rgba(118, 134, 149, 1); word-break: break-all; vertical-align: middle">
                 (1,371)
                </span>
               </div>
              </div>
             </div>
             <div style="display: flex; flex-direction: column; width: 1px; min-width: 1px; align-self: stretch; margin: 0px 0px 16px 0px; background-color: rgba(238, 238, 238, 1)">
             </div>
            </div>
            <div style="display: flex; flex-direction: row; -webkit-box-sizing: border-box; min-width: fit-content; width: fit-content">
             <div class="cmg-dco-carousel-item cmg-dco-carousel-product" data-adsplatform='{"viewImpression": "https://mercury.coupang.com/e.gif?r=by13jexFf_9HbB9Pb6ZhNauAQRlaGJd3hMWE66IGjcjn-WmAqiJrhDmjsae5OunIXZ_2lUSYkv3640nyRQfSpiBQlp_6OYfbtJjSCwuIYkwrZCwWCoM_V1FjIR4nJkkAwOvq0K84MOEdUT0rK0nLUZPiuOjsn3D5A2TXvcrUsvRA6UuAfweH5cRH05pHhXfufEgiQdNH37A8P3aAZnnbGlOtj6lgKwh_1LqQ_SMyynBgviMUvPGR4wyfQSdk9u1RrC8d16aA0_fyb_hA-uqOnWoblZxJ9CreM3ZyhrsRUVbkAYCSi44JQha1pg_txMWcljToIa5Re7dyKUgSLvGwis-_DKJNpDiDiLKrK1vHwN_ulP34dQQhb_QaXQ7xdGHLp_Nl9j1uS5msAZAQ47x4sMecscekMGUelNEFSvsomk0N8ZOLYSInewlULNkLp01J6tXQIdUH5wtY2OmltbPVXhRnI5ar3rq9Rz5y4Qmuwr_ucarHEKGZTU97J7QtX5iAGITpI9ijLtLIeyVGlNUT9JR_ojs2XdGz9hkqSP4zk8C1Z96-r7VF93tAWwrMsODQjU3J-_EJcr714dI%3D%7EOl7-nAfkrxjemDiGOq23jXzOShK9pQO8NTxR8UhECIGEM5T1xfLWO0A0qz-QbhCDJOo57vVNF_XNzCoP_ORrVzb58XIfsIUeJP3qRQUGRY3h8ipZjcQJCvjw7einPywwbVW0SWJddamJYREuc2GiSjG5DkVh0D0wqChWTsIiCdQZw09H9RUagy7k3wfRSWha_pEz3WYiWVww-5Ph9piZIGVkAL29Gi6e8rRivW1J9Hb084fzmKCQLfGSP3WSeO_kqc4gznZ3bN6FhkIUiuTFrn9Ry47b05ZEaKnSWo7gcUIbP_cFgoz-XXstHdiXOQewziYbQGtKZ53iOu0x2PbaljbjrI6fFJiiuesX_CHGw9xpTmCHC9ShL-Z-MyKZ_sGF_G1suWIzmwokHEnR75diPDsUhr9wgJgqcpyX_qcE_1Q%3D%7EyZhL9kvHcNycJyZTyaV-x6cqubHRrrquhAFemU_hR7SC4BSjUVVFkm63T0XdGZ0iBMbygIiObL-B&amp;templateId=3880"}' style="display: flex; flex-direction: column; width: 124px; min-width: 124px; margin: 0px 12px 16px 12px">
              <div style="width: 124px; min-width: 124px; height: 124px; min-height: 124px; margin: 0px 0px 8px 0px; overflow: hidden">
               <img class="main-image" src="https://thumbnail2.coupangcdn.com/thumbnails/remote/292x292q65ex/image/vendor_inventory/ce88/f7b4d0196a8384e8c650bc6b70da5933ac4591911a7e0748336ef2ae5cfe.jpg" style="vertical-align: top; height: 100%; object-fit: contain;border-radius: 0px 0px 0px 0px;"/>
              </div>
              <div style="-webkit-line-clamp: 100; overflow: hidden; display: -webkit-box!important; -webkit-box-orient: vertical; min-width: fit-content; width: fit-content; padding: 0px 0px 6px 0px">
               <span style="font-size: 12px; font-weight: bold; color: rgba(99, 115, 129, 1); word-break: break-all; vertical-align: middle">
                무료배송
               </span>
              </div>
              <div style="-webkit-line-clamp: 2; overflow: hidden; display: -webkit-box!important; -webkit-box-orient: vertical; width: 100%;; margin: 0px 0px 4px 0px">
               <span class="product-title" style="font-size: 14px; font-weight: normal; color: rgba(33, 43, 54, 1); word-break: break-all; vertical-align: middle">
                햇살닭 더촉촉한 소스 닭가슴살 100g 10종 24팩 / 소스 / 혼합구성, 24개
               </span>
              </div>
              <div style="display: flex; flex-direction: row; -webkit-box-sizing: border-box; min-width: fit-content; width: fit-content; margin: 0px 0px 4px 0px; align-items: center">
               <div style="-webkit-line-clamp: 1; overflow: hidden; display: -webkit-box!important; -webkit-box-orient: vertical; min-width: fit-content; width: fit-content; margin: 0px 4px 0px 0px">
                <span style="font-size: 14px; font-weight: bold; color: rgba(203, 20, 0, 1); word-break: break-all; vertical-align: middle">
                 37,900원
                </span>
               </div>
              </div>
              <div style="display: flex; flex-direction: column; min-width: fit-content; width: fit-content; margin: 0px 0px 4px 0px">
              </div>
              <div style="display: flex; flex-direction: row; -webkit-box-sizing: border-box; min-width: fit-content; width: fit-content">
               <div style="display: flex; flex-direction: row; -webkit-box-sizing: border-box; min-width: fit-content; width: fit-content; height: 16px; min-height: 16px; padding: 0px 4px 1px 4px; margin: 0px 0px 6px 0px; background-color: rgba(225, 39, 5, 1); border-radius: 4px 4px 4px 4px; align-items: center">
                <div style="-webkit-line-clamp: 1; overflow: hidden; display: -webkit-box!important; -webkit-box-orient: vertical; min-width: fit-content; width: fit-content; margin: 0px 2px 0px 0px">
                 <span style="font-size: 11px; font-weight: bold; color: rgba(255, 255, 255, 1); word-break: break-all; vertical-align: middle">
                  41%
                 </span>
                </div>
                <div style="-webkit-line-clamp: 1; overflow: hidden; display: -webkit-box!important; -webkit-box-orient: vertical; min-width: fit-content; width: fit-content">
                 <span style="font-size: 11px; font-weight: bold; color: rgba(255, 255, 255, 1); word-break: break-all; vertical-align: middle">
                  할인
                 </span>
                </div>
               </div>
              </div>
              <div style="display: flex; flex-direction: row; -webkit-box-sizing: border-box; min-width: fit-content; width: fit-content; align-items: flex-end">
               <div style="display: flex; min-width: fit-content; width: fit-content; height: 13px; min-height: 13px; margin: 0px 2px 0px 0px">
                <span style="display: block; background-image: url(//static.coupangcdn.com/image/cmg/common/rating-star/RDS.png); background-repeat: no-repeat; width: 60px; height: 12px; background-size: 60px 24px; background-position: 0 -12px">
                 <em style="display: block; background-image: url(//static.coupangcdn.com/image/cmg/common/rating-star/RDS.png); background-repeat: no-repeat; width: 90%; height: 12px; background-size: 60px 24px; background-position: 0 0">
                 </em>
                </span>
               </div>
               <div style="-webkit-line-clamp: 1; overflow: hidden; display: -webkit-box!important; -webkit-box-orient: vertical; min-width: fit-content; width: fit-content">
                <span style="font-size: 12px; font-weight: normal; color: rgba(118, 134, 149, 1); word-break: break-all; vertical-align: middle">
                 (278)
                </span>
               </div>
              </div>
             </div>
             <div style="display: flex; flex-direction: column; width: 1px; min-width: 1px; align-self: stretch; margin: 0px 0px 16px 0px; background-color: rgba(238, 238, 238, 1)">
             </div>
            </div>
            <div style="display: flex; flex-direction: row; -webkit-box-sizing: border-box; min-width: fit-content; width: fit-content">
             <div class="cmg-dco-carousel-item cmg-dco-carousel-product" data-adsplatform='{"viewImpression": "https://mercury.coupang.com/e.gif?r=by13jexFf_9HbB9Pb6ZhNauAQRlaGJd3hMWE66IGjcjn-WmAqiJrhDmjsae5OunIXZ_2lUSYkv3640nyRQfSpiBQlp_6OYfbtJjSCwuIYkwrZCwWCoM_V1FjIR4nJkkAwOvq0K84MOEdUT0rK0nLUZPiuOjsn3D5A2TXvcrUsvRA6UuAfweH5cRH05pHhXfufEgiQdNH37A8P3aAZnnbGlOtj6lgKwh_1LqQ_SMyynBgviMUvPGR4wyfQSdk9u1RrC8d16aA0_fyb_hA-uqOnWoblZxJ9CreM3ZyhrsRUVbkAYCSi44JQha1pg_txMWcljToIa5Re7dyKUgSLvGwis-_DKJNpDiDiLKrK1vHwN_ulP34dQQhb_QaXQ7xdGHLp_Nl9j1uS5msAZAQ47x4sMecscekMGUelNEFSvsomk0N8ZOLYSInewlULNkLp01J6tXQIdUH5wtY2OmltbPVXhRnI5ar3rq9Rz5y4Qmuwr_ucarHEKGZTU97J7QtX5iAGITpI9ijLtLIeyVGlNUT9JR_ojs2XdGz9hkqSP4zk8C1Z96-r7VF93tAWwrMsODQjU3J-_EJcr714dI%3D%7E31cp1nZ_rgETI3Qt34mxB-u8Lc3T7JEWp0FAu3VW6g-mzOD-UsrT33tshT2FA-0iNyFfGn0gVc3QFGWGBZBYhZr_TfZhdZBmNOLadN-cguzQHRS4F3elNC10gHDlHMMm8aotSxfbi_BXFsx6shVzH_IbNk7LD8yfFT3sUIFp6PTwODpA5t7j7zSxUlR8HvpnfVQKNXswVHPHwAgYcCSKHk-oKJoHmzbhQQwHdXVcUtLWpjximjSLyUJYPShxXABqgUNMgtbJYfKxmHLhersqU6qDT8qpi_AuGQmTMmI9xR_GpsPl77CFHMgmWeKaldzZssB_FIkfjfSNyBCkI8pE7HZMza1G0NmczluQ7SVhI7QBGxMMFLJ7qQpopeFJlT_hfvkswy8trZNKF0K4nBDDgJtwZ2vDB27u4g%3D%3D%7EyZhL9kvHcNycJyZTyaV-x6cqubHRrrquhAFemU_hR7SC4BSjUVVFkm63T0XdGZ0iBMbygIiObL-B&amp;templateId=3880"}' style="display: flex; flex-direction: column; width: 124px; min-width: 124px; margin: 0px 12px 16px 12px">
              <div style="width: 124px; min-width: 124px; height: 124px; min-height: 124px; margin: 0px 0px 8px 0px; overflow: hidden">
               <img class="main-image" src="https://thumbnail5.coupangcdn.com/thumbnails/remote/292x292q65ex/image/vendor_inventory/495d/38cd7b0cfba61116b2682c4ebc7bb1bb138f77afd16cdf7c0ba013f7eb90.jpg" style="vertical-align: top; height: 100%; object-fit: contain;border-radius: 0px 0px 0px 0px;"/>
              </div>
              <div style="-webkit-line-clamp: 100; overflow: hidden; display: -webkit-box!important; -webkit-box-orient: vertical; min-width: fit-content; width: fit-content; padding: 0px 0px 6px 0px">
               <span style="font-size: 12px; font-weight: bold; color: rgba(99, 115, 129, 1); word-break: break-all; vertical-align: middle">
                무료배송
               </span>
              </div>
              <div style="-webkit-line-clamp: 2; overflow: hidden; display: -webkit-box!important; -webkit-box-orient: vertical; width: 100%;; margin: 0px 0px 4px 0px">
               <span class="product-title" style="font-size: 14px; font-weight: normal; color: rgba(33, 43, 54, 1); word-break: break-all; vertical-align: middle">
                육식토끼 닭가슴살 클래식, 150g, 67개
               </span>
              </div>
              <div style="display: flex; flex-direction: row; -webkit-box-sizing: border-box; min-width: fit-content; width: fit-content; margin: 0px 0px 4px 0px; align-items: center">
               <div style="-webkit-line-clamp: 1; overflow: hidden; display: -webkit-box!important; -webkit-box-orient: vertical; min-width: fit-content; width: fit-content; margin: 0px 4px 0px 0px">
                <span style="font-size: 14px; font-weight: bold; color: rgba(203, 20, 0, 1); word-break: break-all; vertical-align: middle">
                 135,000원
                </span>
               </div>
              </div>
              <div style="display: flex; flex-direction: column; min-width: fit-content; width: fit-content; margin: 0px 0px 4px 0px">
              </div>
              <div style="display: flex; flex-direction: row; -webkit-box-sizing: border-box; min-width: fit-content; width: fit-content">
              </div>
              <div style="display: flex; flex-direction: row; -webkit-box-sizing: border-box; min-width: fit-content; width: fit-content; align-items: flex-end">
               <div style="display: flex; min-width: fit-content; width: fit-content; height: 13px; min-height: 13px; margin: 0px 2px 0px 0px">
                <span style="display: block; background-image: url(//static.coupangcdn.com/image/cmg/common/rating-star/RDS.png); background-repeat: no-repeat; width: 60px; height: 12px; background-size: 60px 24px; background-position: 0 -12px">
                 <em style="display: block; background-image: url(//static.coupangcdn.com/image/cmg/common/rating-star/RDS.png); background-repeat: no-repeat; width: 90%; height: 12px; background-size: 60px 24px; background-position: 0 0">
                 </em>
                </span>
               </div>
               <div style="-webkit-line-clamp: 1; overflow: hidden; display: -webkit-box!important; -webkit-box-orient: vertical; min-width: fit-content; width: fit-content">
                <span style="font-size: 12px; font-weight: normal; color: rgba(118, 134, 149, 1); word-break: break-all; vertical-align: middle">
                 (3,163)
                </span>
               </div>
              </div>
             </div>
             <div style="display: flex; flex-direction: column; width: 1px; min-width: 1px; align-self: stretch; margin: 0px 0px 16px 0px; background-color: rgba(238, 238, 238, 1)">
             </div>
            </div>
            <div style="display: flex; flex-direction: row; -webkit-box-sizing: border-box; min-width: fit-content; width: fit-content">
             <div class="cmg-dco-carousel-item cmg-dco-carousel-product" data-adsplatform='{"viewImpression": "https://mercury.coupang.com/e.gif?r=by13jexFf_9HbB9Pb6ZhNauAQRlaGJd3hMWE66IGjcjn-WmAqiJrhDmjsae5OunIXZ_2lUSYkv3640nyRQfSpiBQlp_6OYfbtJjSCwuIYkwrZCwWCoM_V1FjIR4nJkkAwOvq0K84MOEdUT0rK0nLUZPiuOjsn3D5A2TXvcrUsvRA6UuAfweH5cRH05pHhXfufEgiQdNH37A8P3aAZnnbGlOtj6lgKwh_1LqQ_SMyynBgviMUvPGR4wyfQSdk9u1RrC8d16aA0_fyb_hA-uqOnWoblZxJ9CreM3ZyhrsRUVbkAYCSi44JQha1pg_txMWcljToIa5Re7dyKUgSLvGwis-_DKJNpDiDiLKrK1vHwN_ulP34dQQhb_QaXQ7xdGHLp_Nl9j1uS5msAZAQ47x4sMecscekMGUelNEFSvsomk0N8ZOLYSInewlULNkLp01J6tXQIdUH5wtY2OmltbPVXhRnI5ar3rq9Rz5y4Qmuwr_ucarHEKGZTU97J7QtX5iAGITpI9ijLtLIeyVGlNUT9JR_ojs2XdGz9hkqSP4zk8C1Z96-r7VF93tAWwrMsODQjU3J-_EJcr714dI%3D%7EWgdAg3XylC5ZFJYsWt1eCex40yQZfcOk8eI-l_SsXPzO_U9LB0abDg0wzIecjAG_Cc1zHjMs9z4PoC1VkEhi4WXsyAISDjuswb_LaHjgyTp7AOLK_Jw0a4f1qPIquXTyFlEpqyUTz6DgcUxd2nftyugVJbx51VSsXZ_0Rod8-A8qXXYnYfD1oC0z4-3u6-4uukHj3GmRriQKaLx58u4WoLVW4oc6sZgCKsVoltd-6kbx2BZIiSpe0qfw5EsGKeTxHl7LvcJfQ-t6O7VELtGzn4LnBVEl4eJi01RwoD2nwOgnbTOTDiGjJl0KlNt1CCy2UszZXkuCFVwcxz4Wj2JxyZkqpM2-_0mR4wE1pLHWDLCXNT1f2Yuld_UdW1uMdQaHPqdCI_lkn14bbfq8YHQaTLQIxya7j3_I-O6R%7EyZhL9kvHcNycJyZTyaV-x6cqubHRrrquhAFemU_hR7SC4BSjUVVFkm63T0XdGZ0iBMbygIiObL-B&amp;templateId=3880"}' style="display: flex; flex-direction: column; width: 124px; min-width: 124px; margin: 0px 12px 16px 12px">
              <div style="width: 124px; min-width: 124px; height: 124px; min-height: 124px; margin: 0px 0px 8px 0px; overflow: hidden">
               <img class="main-image" src="https://thumbnail12.coupangcdn.com/thumbnails/remote/292x292q65ex/image/vendor_inventory/e9db/58463fe4ffc6d02433922e14aed701bd4abc7815fcb9166c67563f0a98e8.jpg" style="vertical-align: top; height: 100%; object-fit: contain;border-radius: 0px 0px 0px 0px;"/>
              </div>
              <div style="-webkit-line-clamp: 2; overflow: hidden; display: -webkit-box!important; -webkit-box-orient: vertical; width: 100%;; margin: 0px 0px 4px 0px">
               <span class="product-title" style="font-size: 14px; font-weight: normal; color: rgba(33, 43, 54, 1); word-break: break-all; vertical-align: middle">
                수지스그릴드 닭가슴살 1.8kg 코스트코, 1개
               </span>
              </div>
              <div style="display: flex; flex-direction: row; -webkit-box-sizing: border-box; min-width: fit-content; width: fit-content; margin: 0px 0px 4px 0px; align-items: center">
               <div style="-webkit-line-clamp: 1; overflow: hidden; display: -webkit-box!important; -webkit-box-orient: vertical; min-width: fit-content; width: fit-content; margin: 0px 4px 0px 0px">
                <span style="font-size: 14px; font-weight: bold; color: rgba(203, 20, 0, 1); word-break: break-all; vertical-align: middle">
                 24,600원
                </span>
               </div>
              </div>
              <div style="display: flex; flex-direction: column; min-width: fit-content; width: fit-content; margin: 0px 0px 4px 0px">
              </div>
              <div style="display: flex; flex-direction: row; -webkit-box-sizing: border-box; min-width: fit-content; width: fit-content">
              </div>
              <div style="display: flex; flex-direction: row; -webkit-box-sizing: border-box; min-width: fit-content; width: fit-content; align-items: flex-end">
               <div style="display: flex; min-width: fit-content; width: fit-content; height: 13px; min-height: 13px; margin: 0px 2px 0px 0px">
                <span style="display: block; background-image: url(//static.coupangcdn.com/image/cmg/common/rating-star/RDS.png); background-repeat: no-repeat; width: 60px; height: 12px; background-size: 60px 24px; background-position: 0 -12px">
                 <em style="display: block; background-image: url(//static.coupangcdn.com/image/cmg/common/rating-star/RDS.png); background-repeat: no-repeat; width: 90%; height: 12px; background-size: 60px 24px; background-position: 0 0">
                 </em>
                </span>
               </div>
               <div style="-webkit-line-clamp: 1; overflow: hidden; display: -webkit-box!important; -webkit-box-orient: vertical; min-width: fit-content; width: fit-content">
                <span style="font-size: 12px; font-weight: normal; color: rgba(118, 134, 149, 1); word-break: break-all; vertical-align: middle">
                 (5,303)
                </span>
               </div>
              </div>
             </div>
             <div style="display: flex; flex-direction: column; width: 1px; min-width: 1px; align-self: stretch; margin: 0px 0px 16px 0px; background-color: rgba(238, 238, 238, 1)">
             </div>
            </div>
            <div style="display: flex; flex-direction: row; -webkit-box-sizing: border-box; min-width: fit-content; width: fit-content">
             <div class="cmg-dco-carousel-item cmg-dco-carousel-product" data-adsplatform='{"viewImpression": "https://mercury.coupang.com/e.gif?r=by13jexFf_9HbB9Pb6ZhNauAQRlaGJd3hMWE66IGjcjn-WmAqiJrhDmjsae5OunIXZ_2lUSYkv3640nyRQfSpiBQlp_6OYfbtJjSCwuIYkwrZCwWCoM_V1FjIR4nJkkAwOvq0K84MOEdUT0rK0nLUZPiuOjsn3D5A2TXvcrUsvRA6UuAfweH5cRH05pHhXfufEgiQdNH37A8P3aAZnnbGlOtj6lgKwh_1LqQ_SMyynBgviMUvPGR4wyfQSdk9u1RrC8d16aA0_fyb_hA-uqOnWoblZxJ9CreM3ZyhrsRUVbkAYCSi44JQha1pg_txMWcljToIa5Re7dyKUgSLvGwis-_DKJNpDiDiLKrK1vHwN_ulP34dQQhb_QaXQ7xdGHLp_Nl9j1uS5msAZAQ47x4sMecscekMGUelNEFSvsomk0N8ZOLYSInewlULNkLp01J6tXQIdUH5wtY2OmltbPVXhRnI5ar3rq9Rz5y4Qmuwr_ucarHEKGZTU97J7QtX5iAGITpI9ijLtLIeyVGlNUT9JR_ojs2XdGz9hkqSP4zk8C1Z96-r7VF93tAWwrMsODQjU3J-_EJcr714dI%3D%7EpvW1Ygrx1d7s8KgwpreKNAicsspcJR8bQW3WZr05IGo9HvrlPlOWEFjG0s2QGixadWPDUsaJMu1UWT-ZGcwrekNSmT5UewoMsZ4VElaBannFjkMqk1j4yNDMGU4GC3AXGESSUExx8h_fgd9DEhRoW_ysxIaMnJp6rjxxE0n21eXH9nRNmcHodx7skpOIUut3PacL2PKPtc8_bf9P55wIEvm0hCZVKNaopA2VKGnpFsFtLjcyD0S_nVFgjYt1SbFUPPQ5jF5mo9eFuGmx1m91qgpdWUZfCl3SV5Ly1YOrW2eUzOMX7yk892ShEk4kH8XpjswqwtEiuo0D9lbyTiZRpbeBrCJq1AuAbpVPAw6EgHUOIHU4WY8wj3Pr__yArO_45G61JRnNym3a3Aks1B2NtQH005gwHZsubyXI%7EyZhL9kvHcNycJyZTyaV-x6cqubHRrrquhAFemU_hR7SC4BSjUVVFkm63T0XdGZ0iBMbygIiObL-B&amp;templateId=3880"}' style="display: flex; flex-direction: column; width: 124px; min-width: 124px; margin: 0px 12px 16px 12px">
              <div style="width: 124px; min-width: 124px; height: 124px; min-height: 124px; margin: 0px 0px 8px 0px; overflow: hidden">
               <img class="main-image" src="https://thumbnail11.coupangcdn.com/thumbnails/remote/292x292q65ex/image/vendor_inventory/f76c/5db0437e8e1251b38efb7455d9b0683d6702afd83ce831beac82f728fe98.jpg" style="vertical-align: top; height: 100%; object-fit: contain;border-radius: 0px 0px 0px 0px;"/>
              </div>
              <div style="-webkit-line-clamp: 100; overflow: hidden; display: -webkit-box!important; -webkit-box-orient: vertical; min-width: fit-content; width: fit-content; padding: 0px 0px 6px 0px">
               <span style="font-size: 12px; font-weight: bold; color: rgba(99, 115, 129, 1); word-break: break-all; vertical-align: middle">
                무료배송
               </span>
              </div>
              <div style="-webkit-line-clamp: 2; overflow: hidden; display: -webkit-box!important; -webkit-box-orient: vertical; width: 100%;; margin: 0px 0px 4px 0px">
               <span class="product-title" style="font-size: 14px; font-weight: normal; color: rgba(33, 43, 54, 1); word-break: break-all; vertical-align: middle">
                랭킹닭컴 잇메이트 닭가슴살 스테이크 혼합구성, 100g, 15개
               </span>
              </div>
              <div style="display: flex; flex-direction: row; -webkit-box-sizing: border-box; min-width: fit-content; width: fit-content; margin: 0px 0px 4px 0px; align-items: center">
               <div style="-webkit-line-clamp: 1; overflow: hidden; display: -webkit-box!important; -webkit-box-orient: vertical; min-width: fit-content; width: fit-content; margin: 0px 4px 0px 0px">
                <span style="font-size: 14px; font-weight: bold; color: rgba(203, 20, 0, 1); word-break: break-all; vertical-align: middle">
                 25,000원
                </span>
               </div>
              </div>
              <div style="display: flex; flex-direction: column; min-width: fit-content; width: fit-content; margin: 0px 0px 4px 0px">
              </div>
              <div style="display: flex; flex-direction: row; -webkit-box-sizing: border-box; min-width: fit-content; width: fit-content">
              </div>
              <div style="display: flex; flex-direction: row; -webkit-box-sizing: border-box; min-width: fit-content; width: fit-content; align-items: flex-end">
               <div style="display: flex; min-width: fit-content; width: fit-content; height: 13px; min-height: 13px; margin: 0px 2px 0px 0px">
                <span style="display: block; background-image: url(//static.coupangcdn.com/image/cmg/common/rating-star/RDS.png); background-repeat: no-repeat; width: 60px; height: 12px; background-size: 60px 24px; background-position: 0 -12px">
                 <em style="display: block; background-image: url(//static.coupangcdn.com/image/cmg/common/rating-star/RDS.png); background-repeat: no-repeat; width: 100%; height: 12px; background-size: 60px 24px; background-position: 0 0">
                 </em>
                </span>
               </div>
               <div style="-webkit-line-clamp: 1; overflow: hidden; display: -webkit-box!important; -webkit-box-orient: vertical; min-width: fit-content; width: fit-content">
                <span style="font-size: 12px; font-weight: normal; color: rgba(118, 134, 149, 1); word-break: break-all; vertical-align: middle">
                 (9,999+)
                </span>
               </div>
              </div>
             </div>
             <div style="display: flex; flex-direction: column; width: 1px; min-width: 1px; align-self: stretch; margin: 0px 0px 16px 0px; background-color: rgba(238, 238, 238, 1)">
             </div>
            </div>
            <div style="display: flex; flex-direction: row; -webkit-box-sizing: border-box; min-width: fit-content; width: fit-content">
             <div class="cmg-dco-carousel-item cmg-dco-carousel-product" data-adsplatform='{"viewImpression": "https://mercury.coupang.com/e.gif?r=by13jexFf_9HbB9Pb6ZhNauAQRlaGJd3hMWE66IGjcjn-WmAqiJrhDmjsae5OunIXZ_2lUSYkv3640nyRQfSpiBQlp_6OYfbtJjSCwuIYkwrZCwWCoM_V1FjIR4nJkkAwOvq0K84MOEdUT0rK0nLUZPiuOjsn3D5A2TXvcrUsvRA6UuAfweH5cRH05pHhXfufEgiQdNH37A8P3aAZnnbGlOtj6lgKwh_1LqQ_SMyynBgviMUvPGR4wyfQSdk9u1RrC8d16aA0_fyb_hA-uqOnWoblZxJ9CreM3ZyhrsRUVbkAYCSi44JQha1pg_txMWcljToIa5Re7dyKUgSLvGwis-_DKJNpDiDiLKrK1vHwN_ulP34dQQhb_QaXQ7xdGHLp_Nl9j1uS5msAZAQ47x4sMecscekMGUelNEFSvsomk0N8ZOLYSInewlULNkLp01J6tXQIdUH5wtY2OmltbPVXhRnI5ar3rq9Rz5y4Qmuwr_ucarHEKGZTU97J7QtX5iAGITpI9ijLtLIeyVGlNUT9JR_ojs2XdGz9hkqSP4zk8C1Z96-r7VF93tAWwrMsODQjU3J-_EJcr714dI%3D%7ECa4KQrOZzf1hNp3VCWA_MzmJxCbcbwNh36SPn4n5PFJ9w93pFj8-XXklogtIotxLRKgKB0sm0mpUm9yW94s4L_Wf9hUV4a2Xj10cdKibkbcNmQTXpdP4B6aAM0Qhh9LG4OlhCULdxg-F5te-VoiS4tr-Cz7J9bQi81ExD89nh2FR2-9Bhtxn4po_VDtSffDDvu0BIgHNIlffBcFF66o2azrwRfEQtSS3-6CJKLmHQSscnA0s5fZs6s7QlkUJNJOdhk9mfK1CXc1H1f6J8YIx-O0_aC-Ezy1BS7kzshgbOQv8CO_ZK72y2c2I301QEjZOIKItAPHdgM1k6kzyKWnT2PPvsrxoRPGp_bDNjXFceKXrM_BEWHRkNPIRTknO8w_POVWqcxLlXdkIPer609dtgiybRPTucJl8-yMPdA%3D%3D%7EyZhL9kvHcNycJyZTyaV-x6cqubHRrrquhAFemU_hR7SC4BSjUVVFkm63T0XdGZ0iBMbygIiObL-B&amp;templateId=3880"}' style="display: flex; flex-direction: column; width: 124px; min-width: 124px; margin: 0px 12px 16px 12px">
              <div style="width: 124px; min-width: 124px; height: 124px; min-height: 124px; margin: 0px 0px 8px 0px; overflow: hidden">
               <img class="main-image" src="https://thumbnail9.coupangcdn.com/thumbnails/remote/292x292q65ex/image/vendor_inventory/02a4/d35507a34402de570a76f7f73343345a7cfe3bff307e78b768e7f213204d.jpg" style="vertical-align: top; height: 100%; object-fit: contain;border-radius: 0px 0px 0px 0px;"/>
              </div>
              <div style="-webkit-line-clamp: 100; overflow: hidden; display: -webkit-box!important; -webkit-box-orient: vertical; min-width: fit-content; width: fit-content; padding: 0px 0px 6px 0px">
               <span style="font-size: 12px; font-weight: bold; color: rgba(99, 115, 129, 1); word-break: break-all; vertical-align: middle">
                무료배송
               </span>
              </div>
              <div style="-webkit-line-clamp: 2; overflow: hidden; display: -webkit-box!important; -webkit-box-orient: vertical; width: 100%;; margin: 0px 0px 4px 0px">
               <span class="product-title" style="font-size: 14px; font-weight: normal; color: rgba(33, 43, 54, 1); word-break: break-all; vertical-align: middle">
                햇살닭 더촉촉한 닭가슴살 외 12종 12팩(각 1팩씩) / 소스 / 혼합구성, 100g
               </span>
              </div>
              <div style="display: flex; flex-direction: row; -webkit-box-sizing: border-box; min-width: fit-content; width: fit-content; margin: 0px 0px 4px 0px; align-items: center">
               <div style="-webkit-line-clamp: 1; overflow: hidden; display: -webkit-box!important; -webkit-box-orient: vertical; min-width: fit-content; width: fit-content; margin: 0px 4px 0px 0px">
                <span style="font-size: 14px; font-weight: bold; color: rgba(203, 20, 0, 1); word-break: break-all; vertical-align: middle">
                 18,800원
                </span>
               </div>
              </div>
              <div style="display: flex; flex-direction: column; min-width: fit-content; width: fit-content; margin: 0px 0px 4px 0px">
              </div>
              <div style="display: flex; flex-direction: row; -webkit-box-sizing: border-box; min-width: fit-content; width: fit-content">
               <div style="display: flex; flex-direction: row; -webkit-box-sizing: border-box; min-width: fit-content; width: fit-content; height: 16px; min-height: 16px; padding: 0px 4px 1px 4px; margin: 0px 0px 6px 0px; background-color: rgba(225, 39, 5, 1); border-radius: 4px 4px 4px 4px; align-items: center">
                <div style="-webkit-line-clamp: 1; overflow: hidden; display: -webkit-box!important; -webkit-box-orient: vertical; min-width: fit-content; width: fit-content; margin: 0px 2px 0px 0px">
                 <span style="font-size: 11px; font-weight: bold; color: rgba(255, 255, 255, 1); word-break: break-all; vertical-align: middle">
                  41%
                 </span>
                </div>
                <div style="-webkit-line-clamp: 1; overflow: hidden; display: -webkit-box!important; -webkit-box-orient: vertical; min-width: fit-content; width: fit-content">
                 <span style="font-size: 11px; font-weight: bold; color: rgba(255, 255, 255, 1); word-break: break-all; vertical-align: middle">
                  할인
                 </span>
                </div>
               </div>
              </div>
              <div style="display: flex; flex-direction: row; -webkit-box-sizing: border-box; min-width: fit-content; width: fit-content; align-items: flex-end">
               <div style="display: flex; min-width: fit-content; width: fit-content; height: 13px; min-height: 13px; margin: 0px 2px 0px 0px">
                <span style="display: block; background-image: url(//static.coupangcdn.com/image/cmg/common/rating-star/RDS.png); background-repeat: no-repeat; width: 60px; height: 12px; background-size: 60px 24px; background-position: 0 -12px">
                 <em style="display: block; background-image: url(//static.coupangcdn.com/image/cmg/common/rating-star/RDS.png); background-repeat: no-repeat; width: 90%; height: 12px; background-size: 60px 24px; background-position: 0 0">
                 </em>
                </span>
               </div>
               <div style="-webkit-line-clamp: 1; overflow: hidden; display: -webkit-box!important; -webkit-box-orient: vertical; min-width: fit-content; width: fit-content">
                <span style="font-size: 12px; font-weight: normal; color: rgba(118, 134, 149, 1); word-break: break-all; vertical-align: middle">
                 (1,528)
                </span>
               </div>
              </div>
             </div>
             <div style="display: flex; flex-direction: column; width: 1px; min-width: 1px; align-self: stretch; margin: 0px 0px 16px 0px; background-color: rgba(238, 238, 238, 1)">
             </div>
            </div>
            <div style="display: flex; flex-direction: row; -webkit-box-sizing: border-box; min-width: fit-content; width: fit-content">
             <div class="cmg-dco-carousel-item cmg-dco-carousel-product" data-adsplatform='{"viewImpression": "https://mercury.coupang.com/e.gif?r=by13jexFf_9HbB9Pb6ZhNauAQRlaGJd3hMWE66IGjcjn-WmAqiJrhDmjsae5OunIXZ_2lUSYkv3640nyRQfSpiBQlp_6OYfbtJjSCwuIYkwrZCwWCoM_V1FjIR4nJkkAwOvq0K84MOEdUT0rK0nLUZPiuOjsn3D5A2TXvcrUsvRA6UuAfweH5cRH05pHhXfufEgiQdNH37A8P3aAZnnbGlOtj6lgKwh_1LqQ_SMyynBgviMUvPGR4wyfQSdk9u1RrC8d16aA0_fyb_hA-uqOnWoblZxJ9CreM3ZyhrsRUVbkAYCSi44JQha1pg_txMWcljToIa5Re7dyKUgSLvGwis-_DKJNpDiDiLKrK1vHwN_ulP34dQQhb_QaXQ7xdGHLp_Nl9j1uS5msAZAQ47x4sMecscekMGUelNEFSvsomk0N8ZOLYSInewlULNkLp01J6tXQIdUH5wtY2OmltbPVXhRnI5ar3rq9Rz5y4Qmuwr_ucarHEKGZTU97J7QtX5iAGITpI9ijLtLIeyVGlNUT9JR_ojs2XdGz9hkqSP4zk8C1Z96-r7VF93tAWwrMsODQjU3J-_EJcr714dI%3D%7EH1SjsABTab1IhSdgH-hJv7G_V4bp92u-ZKswVtl87rwx6P97wwvKqxWxgeJN2jV9_qxMywuV94x__JGcHaa6PRuWWBPacwahe8DzZYzfmKiY4ZaaMze0AgFPWbgAHYT8vBtICAhbTt11MWL4Z7bsZ841Q-qBpf62N-Uzx_6X-saB0Kz0_CZFEqJ2m9PvSlGdH7W05HX9Pf8rKTdLgEZ1I8hC_9VBO9XNG3xBeINaQ8UWMsdhw86772OISR5T5fNnECblKeL0aAtmiC6uiYr0KQ8oRCuW79CiMI1UpZhZ4ybV6hXOjJWfycYVtMapBd2C5xovgXlt5_OuU9p-fdWeaTTK5Qly225jmvdocZ5nBIVF8G6gADhLXkAxtqQgH0b_jfQzS_k5FngRFYU1CZcjrvFw7yL8BU3sFuBCKA%3D%3D%7EyZhL9kvHcNycJyZTyaV-x6cqubHRrrquhAFemU_hR7SC4BSjUVVFkm63T0XdGZ0iBMbygIiObL-B&amp;templateId=3880"}' style="display: flex; flex-direction: column; width: 124px; min-width: 124px; margin: 0px 12px 16px 12px">
              <div style="width: 124px; min-width: 124px; height: 124px; min-height: 124px; margin: 0px 0px 8px 0px; overflow: hidden">
               <img class="main-image" src="https://thumbnail5.coupangcdn.com/thumbnails/remote/292x292q65ex/image/vendor_inventory/7c52/f84eafd792f955aa19497a9d66c9dd9e814aef306d07a85faa005001ce5c.jpg" style="vertical-align: top; height: 100%; object-fit: contain;border-radius: 0px 0px 0px 0px;"/>
              </div>
              <div style="-webkit-line-clamp: 100; overflow: hidden; display: -webkit-box!important; -webkit-box-orient: vertical; min-width: fit-content; width: fit-content; padding: 0px 0px 6px 0px">
               <span style="font-size: 12px; font-weight: bold; color: rgba(99, 115, 129, 1); word-break: break-all; vertical-align: middle">
                무료배송
               </span>
              </div>
              <div style="-webkit-line-clamp: 2; overflow: hidden; display: -webkit-box!important; -webkit-box-orient: vertical; width: 100%;; margin: 0px 0px 4px 0px">
               <span class="product-title" style="font-size: 14px; font-weight: normal; color: rgba(33, 43, 54, 1); word-break: break-all; vertical-align: middle">
                뺀닭 리얼통살 소스 닭가슴살 4종 혼합, 32개, 100g
               </span>
              </div>
              <div style="display: flex; flex-direction: row; -webkit-box-sizing: border-box; min-width: fit-content; width: fit-content; margin: 0px 0px 4px 0px; align-items: center">
               <div style="-webkit-line-clamp: 1; overflow: hidden; display: -webkit-box!important; -webkit-box-orient: vertical; min-width: fit-content; width: fit-content; margin: 0px 4px 0px 0px">
                <span style="font-size: 14px; font-weight: bold; color: rgba(203, 20, 0, 1); word-break: break-all; vertical-align: middle">
                 48,000원
                </span>
               </div>
              </div>
              <div style="display: flex; flex-direction: column; min-width: fit-content; width: fit-content; margin: 0px 0px 4px 0px">
              </div>
              <div style="display: flex; flex-direction: row; -webkit-box-sizing: border-box; min-width: fit-content; width: fit-content">
               <div style="display: flex; flex-direction: row; -webkit-box-sizing: border-box; min-width: fit-content; width: fit-content; height: 16px; min-height: 16px; padding: 0px 4px 1px 4px; margin: 0px 0px 6px 0px; background-color: rgba(225, 39, 5, 1); border-radius: 4px 4px 4px 4px; align-items: center">
                <div style="-webkit-line-clamp: 1; overflow: hidden; display: -webkit-box!important; -webkit-box-orient: vertical; min-width: fit-content; width: fit-content; margin: 0px 2px 0px 0px">
                 <span style="font-size: 11px; font-weight: bold; color: rgba(255, 255, 255, 1); word-break: break-all; vertical-align: middle">
                  37%
                 </span>
                </div>
                <div style="-webkit-line-clamp: 1; overflow: hidden; display: -webkit-box!important; -webkit-box-orient: vertical; min-width: fit-content; width: fit-content">
                 <span style="font-size: 11px; font-weight: bold; color: rgba(255, 255, 255, 1); word-break: break-all; vertical-align: middle">
                  할인
                 </span>
                </div>
               </div>
              </div>
              <div style="display: flex; flex-direction: row; -webkit-box-sizing: border-box; min-width: fit-content; width: fit-content; align-items: flex-end">
               <div style="display: flex; min-width: fit-content; width: fit-content; height: 13px; min-height: 13px; margin: 0px 2px 0px 0px">
                <span style="display: block; background-image: url(//static.coupangcdn.com/image/cmg/common/rating-star/RDS.png); background-repeat: no-repeat; width: 60px; height: 12px; background-size: 60px 24px; background-position: 0 -12px">
                 <em style="display: block; background-image: url(//static.coupangcdn.com/image/cmg/common/rating-star/RDS.png); background-repeat: no-repeat; width: 100%; height: 12px; background-size: 60px 24px; background-position: 0 0">
                 </em>
                </span>
               </div>
               <div style="-webkit-line-clamp: 1; overflow: hidden; display: -webkit-box!important; -webkit-box-orient: vertical; min-width: fit-content; width: fit-content">
                <span style="font-size: 12px; font-weight: normal; color: rgba(118, 134, 149, 1); word-break: break-all; vertical-align: middle">
                 (438)
                </span>
               </div>
              </div>
             </div>
             <div style="display: flex; flex-direction: column; width: 1px; min-width: 1px; align-self: stretch; margin: 0px 0px 16px 0px; background-color: rgba(238, 238, 238, 1)">
             </div>
            </div>
            <div style="display: flex; flex-direction: row; -webkit-box-sizing: border-box; min-width: fit-content; width: fit-content">
             <div class="cmg-dco-carousel-item cmg-dco-carousel-product" data-adsplatform='{"viewImpression": "https://mercury.coupang.com/e.gif?r=by13jexFf_9HbB9Pb6ZhNauAQRlaGJd3hMWE66IGjcjn-WmAqiJrhDmjsae5OunIXZ_2lUSYkv3640nyRQfSpiBQlp_6OYfbtJjSCwuIYkwrZCwWCoM_V1FjIR4nJkkAwOvq0K84MOEdUT0rK0nLUZPiuOjsn3D5A2TXvcrUsvRA6UuAfweH5cRH05pHhXfufEgiQdNH37A8P3aAZnnbGlOtj6lgKwh_1LqQ_SMyynBgviMUvPGR4wyfQSdk9u1RrC8d16aA0_fyb_hA-uqOnWoblZxJ9CreM3ZyhrsRUVbkAYCSi44JQha1pg_txMWcljToIa5Re7dyKUgSLvGwis-_DKJNpDiDiLKrK1vHwN_ulP34dQQhb_QaXQ7xdGHLp_Nl9j1uS5msAZAQ47x4sMecscekMGUelNEFSvsomk0N8ZOLYSInewlULNkLp01J6tXQIdUH5wtY2OmltbPVXhRnI5ar3rq9Rz5y4Qmuwr_ucarHEKGZTU97J7QtX5iAGITpI9ijLtLIeyVGlNUT9JR_ojs2XdGz9hkqSP4zk8C1Z96-r7VF93tAWwrMsODQjU3J-_EJcr714dI%3D%7EDYrTRFEb0emi31tdDfMEMjH0uCZFjyy6votRkrA0oLY7RvSLL7ZIx9k_kpYBmY54V3ODSldP1iQGKpdMRdX8kZg1vSdW1WSB-wVPGw8BOp-rM1_uorcmMAPUW92dhDRofX4P91G_Vk5u8R4hii-fe7jrC13OefsBvC0mwW5sYDP9XJRmUZXJqwDQCCSvlUuKMj91AcCbo_swxDU3x-I6Gt9lURU57tppCbZ7_Y3Ls0hCZeiYzBV94s0TA7lR2RAShZsH3LP4SLAjOhPV08paO0B6JLPBNUsvYOY6Xktwixdh0D3X46-8qwlxGhf4BQWuDCRrLWKP-12pnro-69P7jPwv5TwyMf-zlFNu7YNOUqoiaKYye_IdmYMatyqkisubhIY-8y5hHrKC0W3plUTHyzQmBh4cjt58FUfS%7EyZhL9kvHcNycJyZTyaV-x6cqubHRrrquhAFemU_hR7SC4BSjUVVFkm63T0XdGZ0iBMbygIiObL-B&amp;templateId=3880"}' style="display: flex; flex-direction: column; width: 124px; min-width: 124px; margin: 0px 12px 16px 12px">
              <div style="width: 124px; min-width: 124px; height: 124px; min-height: 124px; margin: 0px 0px 8px 0px; overflow: hidden">
               <img class="main-image" src="https://thumbnail13.coupangcdn.com/thumbnails/remote/292x292q65ex/image/retail/images/e7beffef-b579-4f32-a65e-c7898c176c423387444314865753079.png" style="vertical-align: top; height: 100%; object-fit: contain;border-radius: 0px 0px 0px 0px;"/>
              </div>
              <div style="-webkit-line-clamp: 2; overflow: hidden; display: -webkit-box!important; -webkit-box-orient: vertical; width: 100%;; margin: 0px 0px 4px 0px">
               <span class="product-title" style="font-size: 14px; font-weight: normal; color: rgba(33, 43, 54, 1); word-break: break-all; vertical-align: middle">
                올품 닭가슴살 슬라이스 IQF (냉동), 2kg, 2개
               </span>
              </div>
              <div style="display: flex; flex-direction: row; -webkit-box-sizing: border-box; min-width: fit-content; width: fit-content; margin: 0px 0px 4px 0px; align-items: center">
               <div style="-webkit-line-clamp: 1; overflow: hidden; display: -webkit-box!important; -webkit-box-orient: vertical; min-width: fit-content; width: fit-content; margin: 0px 4px 0px 0px">
                <span style="font-size: 14px; font-weight: bold; color: rgba(203, 20, 0, 1); word-break: break-all; vertical-align: middle">
                 32,470원
                </span>
               </div>
              </div>
              <div style="display: flex; flex-direction: column; min-width: fit-content; width: fit-content; margin: 0px 0px 4px 0px">
              </div>
              <div style="display: flex; flex-direction: row; -webkit-box-sizing: border-box; min-width: fit-content; width: fit-content">
              </div>
              <div style="min-width: fit-content; width: fit-content; height: 18px; min-height: 18px; padding: 0px 0px 2px 0px; margin: 0px 2px 0px 0px; overflow: hidden">
               <img src="http://image11.coupangcdn.com/image/cmg/icon/ios/logo_fresh_large@3x.png" style="vertical-align: top; height: 100%; object-fit: contain;border-radius: 0px 0px 0px 0px;"/>
              </div>
              <div style="display: flex; flex-direction: row; -webkit-box-sizing: border-box; min-width: fit-content; width: fit-content; align-items: flex-end">
               <div style="display: flex; min-width: fit-content; width: fit-content; height: 13px; min-height: 13px; margin: 0px 2px 0px 0px">
                <span style="display: block; background-image: url(//static.coupangcdn.com/image/cmg/common/rating-star/RDS.png); background-repeat: no-repeat; width: 60px; height: 12px; background-size: 60px 24px; background-position: 0 -12px">
                 <em style="display: block; background-image: url(//static.coupangcdn.com/image/cmg/common/rating-star/RDS.png); background-repeat: no-repeat; width: 100%; height: 12px; background-size: 60px 24px; background-position: 0 0">
                 </em>
                </span>
               </div>
               <div style="-webkit-line-clamp: 1; overflow: hidden; display: -webkit-box!important; -webkit-box-orient: vertical; min-width: fit-content; width: fit-content">
                <span style="font-size: 12px; font-weight: normal; color: rgba(118, 134, 149, 1); word-break: break-all; vertical-align: middle">
                 (9,999+)
                </span>
               </div>
              </div>
             </div>
             <div style="display: flex; flex-direction: column; width: 1px; min-width: 1px; align-self: stretch; margin: 0px 0px 16px 0px; background-color: rgba(238, 238, 238, 1)">
             </div>
            </div>
            <div style="display: flex; flex-direction: row; -webkit-box-sizing: border-box; min-width: fit-content; width: fit-content">
             <div class="cmg-dco-carousel-item cmg-dco-carousel-product" data-adsplatform='{"viewImpression": "https://mercury.coupang.com/e.gif?r=by13jexFf_9HbB9Pb6ZhNauAQRlaGJd3hMWE66IGjcjn-WmAqiJrhDmjsae5OunIXZ_2lUSYkv3640nyRQfSpiBQlp_6OYfbtJjSCwuIYkwrZCwWCoM_V1FjIR4nJkkAwOvq0K84MOEdUT0rK0nLUZPiuOjsn3D5A2TXvcrUsvRA6UuAfweH5cRH05pHhXfufEgiQdNH37A8P3aAZnnbGlOtj6lgKwh_1LqQ_SMyynBgviMUvPGR4wyfQSdk9u1RrC8d16aA0_fyb_hA-uqOnWoblZxJ9CreM3ZyhrsRUVbkAYCSi44JQha1pg_txMWcljToIa5Re7dyKUgSLvGwis-_DKJNpDiDiLKrK1vHwN_ulP34dQQhb_QaXQ7xdGHLp_Nl9j1uS5msAZAQ47x4sMecscekMGUelNEFSvsomk0N8ZOLYSInewlULNkLp01J6tXQIdUH5wtY2OmltbPVXhRnI5ar3rq9Rz5y4Qmuwr_ucarHEKGZTU97J7QtX5iAGITpI9ijLtLIeyVGlNUT9JR_ojs2XdGz9hkqSP4zk8C1Z96-r7VF93tAWwrMsODQjU3J-_EJcr714dI%3D%7EHsaz861EBFkOoQNHHgeB9tz7xZ05Tx0KxhReDIyrL_YW73duQ6oIUITuLgbpbVP4kLS8HNe5tFmkUFU8njPHj8fJV0asiYTIF2vGXdnfdP4CSbEnXLXaoYnn9aY0GZOvBc-HVGKxcV1PSSGyu7tkThaY-22sTdwrBsYa9WO9uXf3M9FCA1sR_HMGU961tvPxipdg8H6hfrG4224NOdd1gUZIS2aza6_F49rTN-vOjkgyWtI5GtwhdzT4O3tBmEbUt0CEa-zCjXmZzPR_3YtXsnRymjWpmzKjDaOgt9oZnusDA0EqMCSq9HQr5JTq2SdRstTo0GnHC_7mgq1zmTt4aGamwY0Uo9JQplOvRHa84dlVoSeShzedChdZPJAG9XQNf4QOD-didc-mKrL4qFYgmYB3CiC7y3aDdWQ%3D%7EyZhL9kvHcNycJyZTyaV-x6cqubHRrrquhAFemU_hR7SC4BSjUVVFkm63T0XdGZ0iBMbygIiObL-B&amp;templateId=3880"}' style="display: flex; flex-direction: column; width: 124px; min-width: 124px; margin: 0px 12px 16px 12px">
              <div style="width: 124px; min-width: 124px; height: 124px; min-height: 124px; margin: 0px 0px 8px 0px; overflow: hidden">
               <img class="main-image" src="https://thumbnail8.coupangcdn.com/thumbnails/remote/292x292q65ex/image/product/image/vendoritem/2018/05/08/3055261611/e74c8a45-ff3f-4493-953d-fbfec3ae53f0.jpg" style="vertical-align: top; height: 100%; object-fit: contain;border-radius: 0px 0px 0px 0px;"/>
              </div>
              <div style="-webkit-line-clamp: 100; overflow: hidden; display: -webkit-box!important; -webkit-box-orient: vertical; min-width: fit-content; width: fit-content; padding: 0px 0px 6px 0px">
               <span style="font-size: 12px; font-weight: bold; color: rgba(99, 115, 129, 1); word-break: break-all; vertical-align: middle">
                무료배송
               </span>
              </div>
              <div style="-webkit-line-clamp: 2; overflow: hidden; display: -webkit-box!important; -webkit-box-orient: vertical; width: 100%;; margin: 0px 0px 4px 0px">
               <span class="product-title" style="font-size: 14px; font-weight: normal; color: rgba(33, 43, 54, 1); word-break: break-all; vertical-align: middle">
                맛있닭 닭가슴살 스테이크 오리지널, 100g, 10개
               </span>
              </div>
              <div style="display: flex; flex-direction: row; -webkit-box-sizing: border-box; min-width: fit-content; width: fit-content; margin: 0px 0px 4px 0px; align-items: center">
               <div style="-webkit-line-clamp: 1; overflow: hidden; display: -webkit-box!important; -webkit-box-orient: vertical; min-width: fit-content; width: fit-content; margin: 0px 4px 0px 0px">
                <span style="font-size: 14px; font-weight: bold; color: rgba(203, 20, 0, 1); word-break: break-all; vertical-align: middle">
                 24,500원
                </span>
               </div>
              </div>
              <div style="display: flex; flex-direction: column; min-width: fit-content; width: fit-content; margin: 0px 0px 4px 0px">
              </div>
              <div style="display: flex; flex-direction: row; -webkit-box-sizing: border-box; min-width: fit-content; width: fit-content">
              </div>
              <div style="display: flex; flex-direction: row; -webkit-box-sizing: border-box; min-width: fit-content; width: fit-content; align-items: flex-end">
               <div style="display: flex; min-width: fit-content; width: fit-content; height: 13px; min-height: 13px; margin: 0px 2px 0px 0px">
                <span style="display: block; background-image: url(//static.coupangcdn.com/image/cmg/common/rating-star/RDS.png); background-repeat: no-repeat; width: 60px; height: 12px; background-size: 60px 24px; background-position: 0 -12px">
                 <em style="display: block; background-image: url(//static.coupangcdn.com/image/cmg/common/rating-star/RDS.png); background-repeat: no-repeat; width: 90%; height: 12px; background-size: 60px 24px; background-position: 0 0">
                 </em>
                </span>
               </div>
               <div style="-webkit-line-clamp: 1; overflow: hidden; display: -webkit-box!important; -webkit-box-orient: vertical; min-width: fit-content; width: fit-content">
                <span style="font-size: 12px; font-weight: normal; color: rgba(118, 134, 149, 1); word-break: break-all; vertical-align: middle">
                 (9,999+)
                </span>
               </div>
              </div>
             </div>
             <div style="display: flex; flex-direction: column; width: 1px; min-width: 1px; align-self: stretch; margin: 0px 0px 16px 0px; background-color: rgba(238, 238, 238, 1)">
             </div>
            </div>
            <div style="display: flex; flex-direction: row; -webkit-box-sizing: border-box; min-width: fit-content; width: fit-content">
             <div class="cmg-dco-carousel-item cmg-dco-carousel-product" data-adsplatform='{"viewImpression": "https://mercury.coupang.com/e.gif?r=by13jexFf_9HbB9Pb6ZhNauAQRlaGJd3hMWE66IGjcjn-WmAqiJrhDmjsae5OunIXZ_2lUSYkv3640nyRQfSpiBQlp_6OYfbtJjSCwuIYkwrZCwWCoM_V1FjIR4nJkkAwOvq0K84MOEdUT0rK0nLUZPiuOjsn3D5A2TXvcrUsvRA6UuAfweH5cRH05pHhXfufEgiQdNH37A8P3aAZnnbGlOtj6lgKwh_1LqQ_SMyynBgviMUvPGR4wyfQSdk9u1RrC8d16aA0_fyb_hA-uqOnWoblZxJ9CreM3ZyhrsRUVbkAYCSi44JQha1pg_txMWcljToIa5Re7dyKUgSLvGwis-_DKJNpDiDiLKrK1vHwN_ulP34dQQhb_QaXQ7xdGHLp_Nl9j1uS5msAZAQ47x4sMecscekMGUelNEFSvsomk0N8ZOLYSInewlULNkLp01J6tXQIdUH5wtY2OmltbPVXhRnI5ar3rq9Rz5y4Qmuwr_ucarHEKGZTU97J7QtX5iAGITpI9ijLtLIeyVGlNUT9JR_ojs2XdGz9hkqSP4zk8C1Z96-r7VF93tAWwrMsODQjU3J-_EJcr714dI%3D%7EXgDFObGQnsKGO03tXqOrNg4hhodsuGqipQGywnMOF1POQbHVXJTFVDgohdYPHv6ZRCaEnzIYZsNYTnVcDvXP-MuRwm3JUxZxmApgXtGCpPrL9Fvjw52v8gW0QDsOxzWXp_JznCmNwVzHCsb2H3qjru4naaknHIuOZW5qF3Y_4uaYXwPS_a-VA8ur0NAoPqCmIsgXg4FTX0iz7qs8-5ixouv2J_sI0PFj4YsV0FTBrFW7Dt52xs7RPEjAEYnSNwAwEBMX2hE2_OTZdSN4E_dP_zwwLTa5HqmI6ok3TfZmLHAAY4adjPfdQPtErnc6JzAMT2z6ddqdQAawEmqgbnEwRAfdCj_PvUx3vZ5Sl7W9dsO7ul6rkcpDBYrWmkwbu8mdD37_4TCXlinACgKlCqzrBHOLvrravO-lHqwavZzB%7EyZhL9kvHcNycJyZTyaV-x6cqubHRrrquhAFemU_hR7SC4BSjUVVFkm63T0XdGZ0iBMbygIiObL-B&amp;templateId=3880"}' style="display: flex; flex-direction: column; width: 124px; min-width: 124px; margin: 0px 12px 16px 12px">
              <div style="width: 124px; min-width: 124px; height: 124px; min-height: 124px; margin: 0px 0px 8px 0px; overflow: hidden">
               <img class="main-image" src="https://thumbnail5.coupangcdn.com/thumbnails/remote/292x292q65ex/image/vendor_inventory/7ac6/7d33371b2d2d63f1d824a96780f2537c56b50c1739e88969c1d69a85549b.jpg" style="vertical-align: top; height: 100%; object-fit: contain;border-radius: 0px 0px 0px 0px;"/>
              </div>
              <div style="-webkit-line-clamp: 100; overflow: hidden; display: -webkit-box!important; -webkit-box-orient: vertical; min-width: fit-content; width: fit-content; padding: 0px 0px 6px 0px">
               <span style="font-size: 12px; font-weight: bold; color: rgba(99, 115, 129, 1); word-break: break-all; vertical-align: middle">
                무료배송
               </span>
              </div>
              <div style="-webkit-line-clamp: 2; overflow: hidden; display: -webkit-box!important; -webkit-box-orient: vertical; width: 100%;; margin: 0px 0px 4px 0px">
               <span class="product-title" style="font-size: 14px; font-weight: normal; color: rgba(33, 43, 54, 1); word-break: break-all; vertical-align: middle">
                득근파티 슬라이스 닭가슴살 6종 혼합, 100g, 54개
               </span>
              </div>
              <div style="display: flex; flex-direction: row; -webkit-box-sizing: border-box; min-width: fit-content; width: fit-content; margin: 0px 0px 4px 0px; align-items: center">
               <div style="-webkit-line-clamp: 1; overflow: hidden; display: -webkit-box!important; -webkit-box-orient: vertical; min-width: fit-content; width: fit-content; margin: 0px 4px 0px 0px">
                <span style="font-size: 14px; font-weight: bold; color: rgba(203, 20, 0, 1); word-break: break-all; vertical-align: middle">
                 75,160원
                </span>
               </div>
              </div>
              <div style="display: flex; flex-direction: column; min-width: fit-content; width: fit-content; margin: 0px 0px 4px 0px">
              </div>
              <div style="display: flex; flex-direction: row; -webkit-box-sizing: border-box; min-width: fit-content; width: fit-content">
               <div style="display: flex; flex-direction: row; -webkit-box-sizing: border-box; min-width: fit-content; width: fit-content; height: 16px; min-height: 16px; padding: 0px 4px 1px 4px; margin: 0px 0px 6px 0px; background-color: rgba(225, 39, 5, 1); border-radius: 4px 4px 4px 4px; align-items: center">
                <div style="-webkit-line-clamp: 1; overflow: hidden; display: -webkit-box!important; -webkit-box-orient: vertical; min-width: fit-content; width: fit-content; margin: 0px 2px 0px 0px">
                 <span style="font-size: 11px; font-weight: bold; color: rgba(255, 255, 255, 1); word-break: break-all; vertical-align: middle">
                  57%
                 </span>
                </div>
                <div style="-webkit-line-clamp: 1; overflow: hidden; display: -webkit-box!important; -webkit-box-orient: vertical; min-width: fit-content; width: fit-content">
                 <span style="font-size: 11px; font-weight: bold; color: rgba(255, 255, 255, 1); word-break: break-all; vertical-align: middle">
                  할인
                 </span>
                </div>
               </div>
              </div>
              <div style="display: flex; flex-direction: row; -webkit-box-sizing: border-box; min-width: fit-content; width: fit-content; align-items: flex-end">
               <div style="display: flex; min-width: fit-content; width: fit-content; height: 13px; min-height: 13px; margin: 0px 2px 0px 0px">
                <span style="display: block; background-image: url(//static.coupangcdn.com/image/cmg/common/rating-star/RDS.png); background-repeat: no-repeat; width: 60px; height: 12px; background-size: 60px 24px; background-position: 0 -12px">
                 <em style="display: block; background-image: url(//static.coupangcdn.com/image/cmg/common/rating-star/RDS.png); background-repeat: no-repeat; width: 100%; height: 12px; background-size: 60px 24px; background-position: 0 0">
                 </em>
                </span>
               </div>
               <div style="-webkit-line-clamp: 1; overflow: hidden; display: -webkit-box!important; -webkit-box-orient: vertical; min-width: fit-content; width: fit-content">
                <span style="font-size: 12px; font-weight: normal; color: rgba(118, 134, 149, 1); word-break: break-all; vertical-align: middle">
                 (150)
                </span>
               </div>
              </div>
             </div>
             <div style="display: flex; flex-direction: column; width: 1px; min-width: 1px; align-self: stretch; margin: 0px 0px 16px 0px; background-color: rgba(238, 238, 238, 1)">
             </div>
            </div>
            <div style="display: flex; flex-direction: row; -webkit-box-sizing: border-box; min-width: fit-content; width: fit-content">
             <div class="cmg-dco-carousel-item cmg-dco-carousel-product" data-adsplatform='{"viewImpression": "https://mercury.coupang.com/e.gif?r=by13jexFf_9HbB9Pb6ZhNauAQRlaGJd3hMWE66IGjcjn-WmAqiJrhDmjsae5OunIXZ_2lUSYkv3640nyRQfSpiBQlp_6OYfbtJjSCwuIYkwrZCwWCoM_V1FjIR4nJkkAwOvq0K84MOEdUT0rK0nLUZPiuOjsn3D5A2TXvcrUsvRA6UuAfweH5cRH05pHhXfufEgiQdNH37A8P3aAZnnbGlOtj6lgKwh_1LqQ_SMyynBgviMUvPGR4wyfQSdk9u1RrC8d16aA0_fyb_hA-uqOnWoblZxJ9CreM3ZyhrsRUVbkAYCSi44JQha1pg_txMWcljToIa5Re7dyKUgSLvGwis-_DKJNpDiDiLKrK1vHwN_ulP34dQQhb_QaXQ7xdGHLp_Nl9j1uS5msAZAQ47x4sMecscekMGUelNEFSvsomk0N8ZOLYSInewlULNkLp01J6tXQIdUH5wtY2OmltbPVXhRnI5ar3rq9Rz5y4Qmuwr_ucarHEKGZTU97J7QtX5iAGITpI9ijLtLIeyVGlNUT9JR_ojs2XdGz9hkqSP4zk8C1Z96-r7VF93tAWwrMsODQjU3J-_EJcr714dI%3D%7ECjneAg530JLQJOvyCszVPjeJhFc-MlKxVutKt99O8ayqLaEmmKUq7l04Vj4RJESzsV9qC5nC6Zvtc0nt47ma-eaZ5qstwr5ORp2GE6N89oOnAUYgNbKukxy6_0gTyqUFA6PKFgq6EmbRbtj7oPLeFSOleWQ2Xa8MbDOdEMS-OFCDjvECfOzNL3maFqjNy-rW1hXxCNbDNP0-_Zoo08yElgb7HnUwtUW5ior0ZXNBp0vKhwJ5DgLsYr5iWMdUE9AB1u5QZJEFQTVdFyxnPX9EHH41sqoAG93MObFaDXxkG7iHn0ASRG0tOk3U9SqT3Ma2ceLXXL6gPm_VoDHdODYsJ63wjiWxsGKQuZhX86uDByTvGqxJnIT5D7zZcaDmac9vPisNanoAQA52ZOMc3ryGn5welwmChdQv8Uveyw%3D%3D%7EyZhL9kvHcNycJyZTyaV-x6cqubHRrrquhAFemU_hR7SC4BSjUVVFkm63T0XdGZ0iBMbygIiObL-B&amp;templateId=3880"}' style="display: flex; flex-direction: column; width: 124px; min-width: 124px; margin: 0px 12px 16px 12px">
              <div style="width: 124px; min-width: 124px; height: 124px; min-height: 124px; margin: 0px 0px 8px 0px; overflow: hidden">
               <img class="main-image" src="https://thumbnail4.coupangcdn.com/thumbnails/remote/292x292q65ex/image/vendor_inventory/c9c8/52a43304008f1a1bb150a8bcea4cae7516a5b6ccff0c1c915136d89ead4c.jpg" style="vertical-align: top; height: 100%; object-fit: contain;border-radius: 0px 0px 0px 0px;"/>
              </div>
              <div style="-webkit-line-clamp: 2; overflow: hidden; display: -webkit-box!important; -webkit-box-orient: vertical; width: 100%;; margin: 0px 0px 4px 0px">
               <span class="product-title" style="font-size: 14px; font-weight: normal; color: rgba(33, 43, 54, 1); word-break: break-all; vertical-align: middle">
                하림 IFF 냉동 무항생제 닭가슴살 1kg x 3봉, 3개
               </span>
              </div>
              <div style="display: flex; flex-direction: row; -webkit-box-sizing: border-box; min-width: fit-content; width: fit-content; margin: 0px 0px 4px 0px; align-items: center">
               <div style="-webkit-line-clamp: 1; overflow: hidden; display: -webkit-box!important; -webkit-box-orient: vertical; min-width: fit-content; width: fit-content; margin: 0px 4px 0px 0px">
                <span style="font-size: 14px; font-weight: bold; color: rgba(203, 20, 0, 1); word-break: break-all; vertical-align: middle">
                 25,300원
                </span>
               </div>
              </div>
              <div style="display: flex; flex-direction: column; min-width: fit-content; width: fit-content; margin: 0px 0px 4px 0px">
              </div>
              <div style="display: flex; flex-direction: row; -webkit-box-sizing: border-box; min-width: fit-content; width: fit-content">
              </div>
              <div style="display: flex; flex-direction: row; -webkit-box-sizing: border-box; min-width: fit-content; width: fit-content; align-items: flex-end">
               <div style="display: flex; min-width: fit-content; width: fit-content; height: 13px; min-height: 13px; margin: 0px 2px 0px 0px">
                <span style="display: block; background-image: url(//static.coupangcdn.com/image/cmg/common/rating-star/RDS.png); background-repeat: no-repeat; width: 60px; height: 12px; background-size: 60px 24px; background-position: 0 -12px">
                 <em style="display: block; background-image: url(//static.coupangcdn.com/image/cmg/common/rating-star/RDS.png); background-repeat: no-repeat; width: 100%; height: 12px; background-size: 60px 24px; background-position: 0 0">
                 </em>
                </span>
               </div>
               <div style="-webkit-line-clamp: 1; overflow: hidden; display: -webkit-box!important; -webkit-box-orient: vertical; min-width: fit-content; width: fit-content">
                <span style="font-size: 12px; font-weight: normal; color: rgba(118, 134, 149, 1); word-break: break-all; vertical-align: middle">
                 (118)
                </span>
               </div>
              </div>
             </div>
             <div style="display: flex; flex-direction: column; width: 1px; min-width: 1px; align-self: stretch; margin: 0px 0px 16px 0px; background-color: rgba(238, 238, 238, 1)">
             </div>
            </div>
            <div style="display: flex; flex-direction: row; -webkit-box-sizing: border-box; min-width: fit-content; width: fit-content">
             <div class="cmg-dco-carousel-item cmg-dco-carousel-product" data-adsplatform='{"viewImpression": "https://mercury.coupang.com/e.gif?r=by13jexFf_9HbB9Pb6ZhNauAQRlaGJd3hMWE66IGjcjn-WmAqiJrhDmjsae5OunIXZ_2lUSYkv3640nyRQfSpiBQlp_6OYfbtJjSCwuIYkwrZCwWCoM_V1FjIR4nJkkAwOvq0K84MOEdUT0rK0nLUZPiuOjsn3D5A2TXvcrUsvRA6UuAfweH5cRH05pHhXfufEgiQdNH37A8P3aAZnnbGlOtj6lgKwh_1LqQ_SMyynBgviMUvPGR4wyfQSdk9u1RrC8d16aA0_fyb_hA-uqOnWoblZxJ9CreM3ZyhrsRUVbkAYCSi44JQha1pg_txMWcljToIa5Re7dyKUgSLvGwis-_DKJNpDiDiLKrK1vHwN_ulP34dQQhb_QaXQ7xdGHLp_Nl9j1uS5msAZAQ47x4sMecscekMGUelNEFSvsomk0N8ZOLYSInewlULNkLp01J6tXQIdUH5wtY2OmltbPVXhRnI5ar3rq9Rz5y4Qmuwr_ucarHEKGZTU97J7QtX5iAGITpI9ijLtLIeyVGlNUT9JR_ojs2XdGz9hkqSP4zk8C1Z96-r7VF93tAWwrMsODQjU3J-_EJcr714dI%3D%7EcfUjXjo_LRI5o1EIcd6n08XcNhXO8_-yeMrboXQ1I0ZGngAP7DrjKc6-sBfxR9SXs-g-QZ9j_oRE7SSQMLByM32-omeRQaRl0AjuDSb-pkA01gG0wVjTCzVEvI8iZe2zItnUq_Yuk2FdwdXCqAr7Mh_M-HMJoeXVHGVkKGXSB_48GiqHG0LP27wJjL_Hyq1Q7ARVe9tpBfo-7Y7ZZ-1juyxjZAyDt829azSg_zJNw1kjHtnG2IOWsdLNiscdhAp4SJZjjaKeAU1mk4VVLEezZhV0mExlQkxgsRELv36WSJktZ3uOC3FsjesukQMP19uTC2dzMI36FEGrrLtDBZh47AQj-SU_QWUlLdxoKLNO0ZudYmACDal6AWhcIcxUGfnkmnd3Yf6L1CM38Z4dsjVslSk3vwUlq1blZPp5tg%3D%3D%7EyZhL9kvHcNycJyZTyaV-x6cqubHRrrquhAFemU_hR7SC4BSjUVVFkm63T0XdGZ0iBMbygIiObL-B&amp;templateId=3880"}' style="display: flex; flex-direction: column; width: 124px; min-width: 124px; margin: 0px 12px 16px 12px">
              <div style="width: 124px; min-width: 124px; height: 124px; min-height: 124px; margin: 0px 0px 8px 0px; overflow: hidden">
               <img class="main-image" src="https://thumbnail3.coupangcdn.com/thumbnails/remote/292x292q65ex/image/vendor_inventory/0d51/ffa11465ee36115acb13bd242b419782b4d0d0cf7bddb63ecf8523669f5b.jpg" style="vertical-align: top; height: 100%; object-fit: contain;border-radius: 0px 0px 0px 0px;"/>
              </div>
              <div style="-webkit-line-clamp: 100; overflow: hidden; display: -webkit-box!important; -webkit-box-orient: vertical; min-width: fit-content; width: fit-content; padding: 0px 0px 6px 0px">
               <span style="font-size: 12px; font-weight: bold; color: rgba(99, 115, 129, 1); word-break: break-all; vertical-align: middle">
                무료배송
               </span>
              </div>
              <div style="-webkit-line-clamp: 2; overflow: hidden; display: -webkit-box!important; -webkit-box-orient: vertical; width: 100%;; margin: 0px 0px 4px 0px">
               <span class="product-title" style="font-size: 14px; font-weight: normal; color: rgba(33, 43, 54, 1); word-break: break-all; vertical-align: middle">
                햇살닭 더촉촉한 소스 닭가슴살 6종 12팩(각 2팩씩) 100g / 소스 / 혼합구성, 12개
               </span>
              </div>
              <div style="display: flex; flex-direction: row; -webkit-box-sizing: border-box; min-width: fit-content; width: fit-content; margin: 0px 0px 4px 0px; align-items: center">
               <div style="-webkit-line-clamp: 1; overflow: hidden; display: -webkit-box!important; -webkit-box-orient: vertical; min-width: fit-content; width: fit-content; margin: 0px 4px 0px 0px">
                <span style="font-size: 14px; font-weight: bold; color: rgba(203, 20, 0, 1); word-break: break-all; vertical-align: middle">
                 18,800원
                </span>
               </div>
              </div>
              <div style="display: flex; flex-direction: column; min-width: fit-content; width: fit-content; margin: 0px 0px 4px 0px">
              </div>
              <div style="display: flex; flex-direction: row; -webkit-box-sizing: border-box; min-width: fit-content; width: fit-content">
               <div style="display: flex; flex-direction: row; -webkit-box-sizing: border-box; min-width: fit-content; width: fit-content; height: 16px; min-height: 16px; padding: 0px 4px 1px 4px; margin: 0px 0px 6px 0px; background-color: rgba(225, 39, 5, 1); border-radius: 4px 4px 4px 4px; align-items: center">
                <div style="-webkit-line-clamp: 1; overflow: hidden; display: -webkit-box!important; -webkit-box-orient: vertical; min-width: fit-content; width: fit-content; margin: 0px 2px 0px 0px">
                 <span style="font-size: 11px; font-weight: bold; color: rgba(255, 255, 255, 1); word-break: break-all; vertical-align: middle">
                  41%
                 </span>
                </div>
                <div style="-webkit-line-clamp: 1; overflow: hidden; display: -webkit-box!important; -webkit-box-orient: vertical; min-width: fit-content; width: fit-content">
                 <span style="font-size: 11px; font-weight: bold; color: rgba(255, 255, 255, 1); word-break: break-all; vertical-align: middle">
                  할인
                 </span>
                </div>
               </div>
              </div>
              <div style="display: flex; flex-direction: row; -webkit-box-sizing: border-box; min-width: fit-content; width: fit-content; align-items: flex-end">
               <div style="display: flex; min-width: fit-content; width: fit-content; height: 13px; min-height: 13px; margin: 0px 2px 0px 0px">
                <span style="display: block; background-image: url(//static.coupangcdn.com/image/cmg/common/rating-star/RDS.png); background-repeat: no-repeat; width: 60px; height: 12px; background-size: 60px 24px; background-position: 0 -12px">
                 <em style="display: block; background-image: url(//static.coupangcdn.com/image/cmg/common/rating-star/RDS.png); background-repeat: no-repeat; width: 90%; height: 12px; background-size: 60px 24px; background-position: 0 0">
                 </em>
                </span>
               </div>
               <div style="-webkit-line-clamp: 1; overflow: hidden; display: -webkit-box!important; -webkit-box-orient: vertical; min-width: fit-content; width: fit-content">
                <span style="font-size: 12px; font-weight: normal; color: rgba(118, 134, 149, 1); word-break: break-all; vertical-align: middle">
                 (105)
                </span>
               </div>
              </div>
             </div>
             <div style="display: flex; flex-direction: column; width: 1px; min-width: 1px; align-self: stretch; margin: 0px 0px 16px 0px; background-color: rgba(238, 238, 238, 1)">
             </div>
            </div>
            <div style="display: flex; flex-direction: row; -webkit-box-sizing: border-box; min-width: fit-content; width: fit-content">
             <div class="cmg-dco-carousel-item cmg-dco-carousel-product" data-adsplatform='{"viewImpression": "https://mercury.coupang.com/e.gif?r=by13jexFf_9HbB9Pb6ZhNauAQRlaGJd3hMWE66IGjcjn-WmAqiJrhDmjsae5OunIXZ_2lUSYkv3640nyRQfSpiBQlp_6OYfbtJjSCwuIYkwrZCwWCoM_V1FjIR4nJkkAwOvq0K84MOEdUT0rK0nLUZPiuOjsn3D5A2TXvcrUsvRA6UuAfweH5cRH05pHhXfufEgiQdNH37A8P3aAZnnbGlOtj6lgKwh_1LqQ_SMyynBgviMUvPGR4wyfQSdk9u1RrC8d16aA0_fyb_hA-uqOnWoblZxJ9CreM3ZyhrsRUVbkAYCSi44JQha1pg_txMWcljToIa5Re7dyKUgSLvGwis-_DKJNpDiDiLKrK1vHwN_ulP34dQQhb_QaXQ7xdGHLp_Nl9j1uS5msAZAQ47x4sMecscekMGUelNEFSvsomk0N8ZOLYSInewlULNkLp01J6tXQIdUH5wtY2OmltbPVXhRnI5ar3rq9Rz5y4Qmuwr_ucarHEKGZTU97J7QtX5iAGITpI9ijLtLIeyVGlNUT9JR_ojs2XdGz9hkqSP4zk8C1Z96-r7VF93tAWwrMsODQjU3J-_EJcr714dI%3D%7E1SOzmS5Bt6Jts3yH1SAGOwb2uDLlKRdSMRKY5rLiPdz1rgXXtnYTdjV20rK0PBon_fRTuU7zz2ge4S03v-QBnGXA3y52Y31efn7tvOIcDmQ1_gusUxckYiwBcmv7FwP7oiPdbYeol03PnbebZs5mVGYXYY7mwEGmGF0de6MEQGKu2Zc2FEONQkXK41WYa7fsm2kBPsrxeL8LtwovCvbd1oXlq9tuCAPn9liqNRHd247Ht_2u39SMyhgNF6CK9lDu19lksQcWSrMdh2C9rKW-bR-PnZnSMLKqLwOodLwx_nc4g6a3_RQfGKPR2KlqtiL4AQ6ee2D17TQXnHdw-8HhL2LQ9blNlr3tnAB0tPTiVGAkGBrky8iNdU6AiqR6AWjAFBFk4m5LGg-ni0aO0xa9aIZTOHOLcnUPcu3V%7EyZhL9kvHcNycJyZTyaV-x6cqubHRrrquhAFemU_hR7SC4BSjUVVFkm63T0XdGZ0iBMbygIiObL-B&amp;templateId=3880"}' style="display: flex; flex-direction: column; width: 124px; min-width: 124px; margin: 0px 12px 16px 12px">
              <div style="width: 124px; min-width: 124px; height: 124px; min-height: 124px; margin: 0px 0px 8px 0px; overflow: hidden">
               <img class="main-image" src="https://thumbnail8.coupangcdn.com/thumbnails/remote/292x292q65ex/image/vendor_inventory/abc6/300e70a73ee60f595cc6a98137834a6b4263bb2400aec1bca4e39b5b35b5.jpg" style="vertical-align: top; height: 100%; object-fit: contain;border-radius: 0px 0px 0px 0px;"/>
              </div>
              <div style="-webkit-line-clamp: 100; overflow: hidden; display: -webkit-box!important; -webkit-box-orient: vertical; min-width: fit-content; width: fit-content; padding: 0px 0px 6px 0px">
               <span style="font-size: 12px; font-weight: bold; color: rgba(99, 115, 129, 1); word-break: break-all; vertical-align: middle">
                무료배송
               </span>
              </div>
              <div style="-webkit-line-clamp: 2; overflow: hidden; display: -webkit-box!important; -webkit-box-orient: vertical; width: 100%;; margin: 0px 0px 4px 0px">
               <span class="product-title" style="font-size: 14px; font-weight: normal; color: rgba(33, 43, 54, 1); word-break: break-all; vertical-align: middle">
                [모던푸드] 무염 국내산 냉동 생 닭가슴살 5봉, 5개, 1kg
               </span>
              </div>
              <div style="display: flex; flex-direction: row; -webkit-box-sizing: border-box; min-width: fit-content; width: fit-content; margin: 0px 0px 4px 0px; align-items: center">
               <div style="-webkit-line-clamp: 1; overflow: hidden; display: -webkit-box!important; -webkit-box-orient: vertical; min-width: fit-content; width: fit-content; margin: 0px 4px 0px 0px">
                <span style="font-size: 14px; font-weight: bold; color: rgba(203, 20, 0, 1); word-break: break-all; vertical-align: middle">
                 31,500원
                </span>
               </div>
              </div>
              <div style="display: flex; flex-direction: column; min-width: fit-content; width: fit-content; margin: 0px 0px 4px 0px">
              </div>
              <div style="display: flex; flex-direction: row; -webkit-box-sizing: border-box; min-width: fit-content; width: fit-content">
              </div>
              <div style="display: flex; flex-direction: row; -webkit-box-sizing: border-box; min-width: fit-content; width: fit-content; align-items: flex-end">
               <div style="display: flex; min-width: fit-content; width: fit-content; height: 13px; min-height: 13px; margin: 0px 2px 0px 0px">
                <span style="display: block; background-image: url(//static.coupangcdn.com/image/cmg/common/rating-star/RDS.png); background-repeat: no-repeat; width: 60px; height: 12px; background-size: 60px 24px; background-position: 0 -12px">
                 <em style="display: block; background-image: url(//static.coupangcdn.com/image/cmg/common/rating-star/RDS.png); background-repeat: no-repeat; width: 90%; height: 12px; background-size: 60px 24px; background-position: 0 0">
                 </em>
                </span>
               </div>
               <div style="-webkit-line-clamp: 1; overflow: hidden; display: -webkit-box!important; -webkit-box-orient: vertical; min-width: fit-content; width: fit-content">
                <span style="font-size: 12px; font-weight: normal; color: rgba(118, 134, 149, 1); word-break: break-all; vertical-align: middle">
                 (66)
                </span>
               </div>
              </div>
             </div>
             <div style="display: flex; flex-direction: column; width: 1px; min-width: 1px; align-self: stretch; margin: 0px 0px 16px 0px; background-color: rgba(238, 238, 238, 1)">
             </div>
            </div>
            <div style="display: flex; flex-direction: row; -webkit-box-sizing: border-box; min-width: fit-content; width: fit-content">
             <div class="cmg-dco-carousel-item cmg-dco-carousel-product" data-adsplatform='{"viewImpression": "https://mercury.coupang.com/e.gif?r=by13jexFf_9HbB9Pb6ZhNauAQRlaGJd3hMWE66IGjcjn-WmAqiJrhDmjsae5OunIXZ_2lUSYkv3640nyRQfSpiBQlp_6OYfbtJjSCwuIYkwrZCwWCoM_V1FjIR4nJkkAwOvq0K84MOEdUT0rK0nLUZPiuOjsn3D5A2TXvcrUsvRA6UuAfweH5cRH05pHhXfufEgiQdNH37A8P3aAZnnbGlOtj6lgKwh_1LqQ_SMyynBgviMUvPGR4wyfQSdk9u1RrC8d16aA0_fyb_hA-uqOnWoblZxJ9CreM3ZyhrsRUVbkAYCSi44JQha1pg_txMWcljToIa5Re7dyKUgSLvGwis-_DKJNpDiDiLKrK1vHwN_ulP34dQQhb_QaXQ7xdGHLp_Nl9j1uS5msAZAQ47x4sMecscekMGUelNEFSvsomk0N8ZOLYSInewlULNkLp01J6tXQIdUH5wtY2OmltbPVXhRnI5ar3rq9Rz5y4Qmuwr_ucarHEKGZTU97J7QtX5iAGITpI9ijLtLIeyVGlNUT9JR_ojs2XdGz9hkqSP4zk8C1Z96-r7VF93tAWwrMsODQjU3J-_EJcr714dI%3D%7EJRuPYjo4HdD_q1x0JeZE1ePER1gewpdqbkCEeR6XS1LiRT4dsKdI_v1GDrx-5F8NaucvAI8VhnJG09m5ZdUqV0BUwGGuVrYr9wv-oQevHpr02ETjeyrkKUL4TxpFzsYh5brZcBazeUz644mxMRaNdHBsugKGZ_hTYX3V-kqSpvpqy_8WC5ULkKoex4qzY_GKtZ5ex5FNgrxWqE59xX8I8hOIVKSkTlshB5tV506wtmOQNDdjW3uv1Cr3bdwVV9E1YKj7qNRur5AluyfM8LccLVXXIsg_nGeCf2mkP1NTaO_sSWWZJV5j8-fmZpfBe53JD83eODLTGtohzoIAHgkJxvsZIo81nU1ibQJyxihLdMZ0JORZowivF-639NWrHrGtGdxYD5HpSTeUBqi_I1N4kHEgRwph25WpJOON%7EyZhL9kvHcNycJyZTyaV-x6cqubHRrrquhAFemU_hR7SC4BSjUVVFkm63T0XdGZ0iBMbygIiObL-B&amp;templateId=3880"}' style="display: flex; flex-direction: column; width: 124px; min-width: 124px; margin: 0px 12px 16px 12px">
              <div style="width: 124px; min-width: 124px; height: 124px; min-height: 124px; margin: 0px 0px 8px 0px; overflow: hidden">
               <img class="main-image" src="https://thumbnail2.coupangcdn.com/thumbnails/remote/292x292q65ex/image/vendor_inventory/c5a0/5bd5469786da4b0fa6ce78b43142cf2719c4ad68137f4c3c18c562339e53.jpg" style="vertical-align: top; height: 100%; object-fit: contain;border-radius: 0px 0px 0px 0px;"/>
              </div>
              <div style="-webkit-line-clamp: 100; overflow: hidden; display: -webkit-box!important; -webkit-box-orient: vertical; min-width: fit-content; width: fit-content; padding: 0px 0px 6px 0px">
               <span style="font-size: 12px; font-weight: bold; color: rgba(99, 115, 129, 1); word-break: break-all; vertical-align: middle">
                무료배송
               </span>
              </div>
              <div style="-webkit-line-clamp: 2; overflow: hidden; display: -webkit-box!important; -webkit-box-orient: vertical; width: 100%;; margin: 0px 0px 4px 0px">
               <span class="product-title" style="font-size: 14px; font-weight: normal; color: rgba(33, 43, 54, 1); word-break: break-all; vertical-align: middle">
                국내산 닭가슴살 10kg. 1kg x 10 냉장, 10개, 1000g
               </span>
              </div>
              <div style="display: flex; flex-direction: row; -webkit-box-sizing: border-box; min-width: fit-content; width: fit-content; margin: 0px 0px 4px 0px; align-items: center">
               <div style="-webkit-line-clamp: 1; overflow: hidden; display: -webkit-box!important; -webkit-box-orient: vertical; min-width: fit-content; width: fit-content; margin: 0px 4px 0px 0px">
                <span style="font-size: 14px; font-weight: bold; color: rgba(203, 20, 0, 1); word-break: break-all; vertical-align: middle">
                 55,000원
                </span>
               </div>
              </div>
              <div style="display: flex; flex-direction: column; min-width: fit-content; width: fit-content; margin: 0px 0px 4px 0px">
              </div>
              <div style="display: flex; flex-direction: row; -webkit-box-sizing: border-box; min-width: fit-content; width: fit-content">
              </div>
              <div style="display: flex; flex-direction: row; -webkit-box-sizing: border-box; min-width: fit-content; width: fit-content; align-items: flex-end">
               <div style="display: flex; min-width: fit-content; width: fit-content; height: 13px; min-height: 13px; margin: 0px 2px 0px 0px">
                <span style="display: block; background-image: url(//static.coupangcdn.com/image/cmg/common/rating-star/RDS.png); background-repeat: no-repeat; width: 60px; height: 12px; background-size: 60px 24px; background-position: 0 -12px">
                 <em style="display: block; background-image: url(//static.coupangcdn.com/image/cmg/common/rating-star/RDS.png); background-repeat: no-repeat; width: 100%; height: 12px; background-size: 60px 24px; background-position: 0 0">
                 </em>
                </span>
               </div>
               <div style="-webkit-line-clamp: 1; overflow: hidden; display: -webkit-box!important; -webkit-box-orient: vertical; min-width: fit-content; width: fit-content">
                <span style="font-size: 12px; font-weight: normal; color: rgba(118, 134, 149, 1); word-break: break-all; vertical-align: middle">
                 (141)
                </span>
               </div>
              </div>
             </div>
             <div style="display: flex; flex-direction: column; width: 1px; min-width: 1px; align-self: stretch; margin: 0px 0px 16px 0px; background-color: rgba(238, 238, 238, 1)">
             </div>
            </div>
            <div style="display: flex; flex-direction: row; -webkit-box-sizing: border-box; min-width: fit-content; width: fit-content">
             <div class="cmg-dco-carousel-item cmg-dco-carousel-product" data-adsplatform='{"viewImpression": "https://mercury.coupang.com/e.gif?r=by13jexFf_9HbB9Pb6ZhNauAQRlaGJd3hMWE66IGjcjn-WmAqiJrhDmjsae5OunIXZ_2lUSYkv3640nyRQfSpiBQlp_6OYfbtJjSCwuIYkwrZCwWCoM_V1FjIR4nJkkAwOvq0K84MOEdUT0rK0nLUZPiuOjsn3D5A2TXvcrUsvRA6UuAfweH5cRH05pHhXfufEgiQdNH37A8P3aAZnnbGlOtj6lgKwh_1LqQ_SMyynBgviMUvPGR4wyfQSdk9u1RrC8d16aA0_fyb_hA-uqOnWoblZxJ9CreM3ZyhrsRUVbkAYCSi44JQha1pg_txMWcljToIa5Re7dyKUgSLvGwis-_DKJNpDiDiLKrK1vHwN_ulP34dQQhb_QaXQ7xdGHLp_Nl9j1uS5msAZAQ47x4sMecscekMGUelNEFSvsomk0N8ZOLYSInewlULNkLp01J6tXQIdUH5wtY2OmltbPVXhRnI5ar3rq9Rz5y4Qmuwr_ucarHEKGZTU97J7QtX5iAGITpI9ijLtLIeyVGlNUT9JR_ojs2XdGz9hkqSP4zk8C1Z96-r7VF93tAWwrMsODQjU3J-_EJcr714dI%3D%7E6H7tZdPqS6YhSRnL6Gki7wZemXHVsRoe_E2fGF6lRiQvaC80e-y9qZDYlHAyxZGaGes9PQxhOaGqIC__MFo0qRvCTmtP23VZSeQUySz3Pi8k52tJocaaSGanrqGzzSGJrwXK5LIUr3FG2l2PVJoSYuxluP3m5a2tuFVhABcEqQLztMRHMqhHWyhzSkhwA2I9oPFI2BGfNJEXc2xMPMpVGGrmBt76XmcunfEixDrGKsg_fKMO3HqGPdKpW7ncuRNH1vCllCDuOwyxGtg-owvzjL-oQ85PoS7ipIenMlwaVvSTGL55U7mjymq7HLQbVQEw0iySrGgvTdo5HGQjTOoUBKTh184olfGbFqmfK28bxEzcH4J1li_Dss3iNL1WUwPB5SjwBPdHfcJbQamtSfXG3Vt6C3CW1Y7wZIx5x6AC%7EyZhL9kvHcNycJyZTyaV-x6cqubHRrrquhAFemU_hR7SC4BSjUVVFkm63T0XdGZ0iBMbygIiObL-B&amp;templateId=3880"}' style="display: flex; flex-direction: column; width: 124px; min-width: 124px; margin: 0px 12px 16px 12px">
              <div style="width: 124px; min-width: 124px; height: 124px; min-height: 124px; margin: 0px 0px 8px 0px; overflow: hidden">
               <img class="main-image" src="https://thumbnail8.coupangcdn.com/thumbnails/remote/292x292q65ex/image/vendor_inventory/9e59/6f1bc13dc63310a8923cdd39a91791fa5ee7702b33024e76a7aa8cf3eb41.jpg" style="vertical-align: top; height: 100%; object-fit: contain;border-radius: 0px 0px 0px 0px;"/>
              </div>
              <div style="-webkit-line-clamp: 100; overflow: hidden; display: -webkit-box!important; -webkit-box-orient: vertical; min-width: fit-content; width: fit-content; padding: 0px 0px 6px 0px">
               <span style="font-size: 12px; font-weight: bold; color: rgba(99, 115, 129, 1); word-break: break-all; vertical-align: middle">
                무료배송
               </span>
              </div>
              <div style="-webkit-line-clamp: 2; overflow: hidden; display: -webkit-box!important; -webkit-box-orient: vertical; width: 100%;; margin: 0px 0px 4px 0px">
               <span class="product-title" style="font-size: 14px; font-weight: normal; color: rgba(33, 43, 54, 1); word-break: break-all; vertical-align: middle">
                킹닭 훈제 닭다리살 200g x 30팩 통닭다리살 통다리살 식단관리 닭다리 순살, 30개
               </span>
              </div>
              <div style="display: flex; flex-direction: row; -webkit-box-sizing: border-box; min-width: fit-content; width: fit-content; margin: 0px 0px 4px 0px; align-items: center">
               <div style="-webkit-line-clamp: 1; overflow: hidden; display: -webkit-box!important; -webkit-box-orient: vertical; min-width: fit-content; width: fit-content; margin: 0px 4px 0px 0px">
                <span style="font-size: 14px; font-weight: bold; color: rgba(203, 20, 0, 1); word-break: break-all; vertical-align: middle">
                 89,900원
                </span>
               </div>
              </div>
              <div style="display: flex; flex-direction: column; min-width: fit-content; width: fit-content; margin: 0px 0px 4px 0px">
              </div>
              <div style="display: flex; flex-direction: row; -webkit-box-sizing: border-box; min-width: fit-content; width: fit-content">
              </div>
              <div style="display: flex; flex-direction: row; -webkit-box-sizing: border-box; min-width: fit-content; width: fit-content; align-items: flex-end">
               <div style="display: flex; min-width: fit-content; width: fit-content; height: 13px; min-height: 13px; margin: 0px 2px 0px 0px">
                <span style="display: block; background-image: url(//static.coupangcdn.com/image/cmg/common/rating-star/RDS.png); background-repeat: no-repeat; width: 60px; height: 12px; background-size: 60px 24px; background-position: 0 -12px">
                 <em style="display: block; background-image: url(//static.coupangcdn.com/image/cmg/common/rating-star/RDS.png); background-repeat: no-repeat; width: 90%; height: 12px; background-size: 60px 24px; background-position: 0 0">
                 </em>
                </span>
               </div>
               <div style="-webkit-line-clamp: 1; overflow: hidden; display: -webkit-box!important; -webkit-box-orient: vertical; min-width: fit-content; width: fit-content">
                <span style="font-size: 12px; font-weight: normal; color: rgba(118, 134, 149, 1); word-break: break-all; vertical-align: middle">
                 (3,758)
                </span>
               </div>
              </div>
             </div>
             <div style="display: flex; flex-direction: column; width: 1px; min-width: 1px; align-self: stretch; margin: 0px 0px 16px 0px; background-color: rgba(238, 238, 238, 1)">
             </div>
            </div>
            <div style="display: flex; flex-direction: row; -webkit-box-sizing: border-box; min-width: fit-content; width: fit-content">
             <div class="cmg-dco-carousel-item cmg-dco-carousel-product" data-adsplatform='{"viewImpression": "https://mercury.coupang.com/e.gif?r=by13jexFf_9HbB9Pb6ZhNauAQRlaGJd3hMWE66IGjcjn-WmAqiJrhDmjsae5OunIXZ_2lUSYkv3640nyRQfSpiBQlp_6OYfbtJjSCwuIYkwrZCwWCoM_V1FjIR4nJkkAwOvq0K84MOEdUT0rK0nLUZPiuOjsn3D5A2TXvcrUsvRA6UuAfweH5cRH05pHhXfufEgiQdNH37A8P3aAZnnbGlOtj6lgKwh_1LqQ_SMyynBgviMUvPGR4wyfQSdk9u1RrC8d16aA0_fyb_hA-uqOnWoblZxJ9CreM3ZyhrsRUVbkAYCSi44JQha1pg_txMWcljToIa5Re7dyKUgSLvGwis-_DKJNpDiDiLKrK1vHwN_ulP34dQQhb_QaXQ7xdGHLp_Nl9j1uS5msAZAQ47x4sMecscekMGUelNEFSvsomk0N8ZOLYSInewlULNkLp01J6tXQIdUH5wtY2OmltbPVXhRnI5ar3rq9Rz5y4Qmuwr_ucarHEKGZTU97J7QtX5iAGITpI9ijLtLIeyVGlNUT9JR_ojs2XdGz9hkqSP4zk8C1Z96-r7VF93tAWwrMsODQjU3J-_EJcr714dI%3D%7E0hZ9udWy-lMqmlsy0mWkzWN5sQo6wODRT43fUD05Lnb7CuWXfEqz3-dVlaaBBiM6ArKNeWsHOzko1uzBIXToVLU5eKeZrANnjW9Zd_lPUX9jsHe-JVI2wtYGAEmR95hmENZ4jWN19ZTYu4YvfaLJkaFZ9GC7AOz9y2SmADH2GjqlrmShFS9rcDKEYJg6n2yoELqjrSGl16chCCllD7eDxj6oKo3h74UHzbxS1s2pStvKP2agzgB7-C0AHIeDygRPauS-e-Qe-p1ROniXgdTG-DmTBv39Og4q01OtK-5CDrji-5eahGlSBuKTDglglw8zIrwNUzJtUbwy19nY1S5Shq67oM_OgGPOC2uv5IGYx0Xp8pJPxB-saQK59SbpvoScQuQSbSS3kjA0HkgOiQ7lOa5YlonNFezyPVqGnmhs%7EyZhL9kvHcNycJyZTyaV-x6cqubHRrrquhAFemU_hR7SC4BSjUVVFkm63T0XdGZ0iBMbygIiObL-B&amp;templateId=3880"}' style="display: flex; flex-direction: column; width: 124px; min-width: 124px; margin: 0px 12px 16px 12px">
              <div style="width: 124px; min-width: 124px; height: 124px; min-height: 124px; margin: 0px 0px 8px 0px; overflow: hidden">
               <img class="main-image" src="https://thumbnail13.coupangcdn.com/thumbnails/remote/292x292q65ex/image/vendor_inventory/7675/d3dd62a8faa315ff4dc2a2dcb6a6bf2c5539c83cdd3d4db66796d63d1421.jpg" style="vertical-align: top; height: 100%; object-fit: contain;border-radius: 0px 0px 0px 0px;"/>
              </div>
              <div style="-webkit-line-clamp: 100; overflow: hidden; display: -webkit-box!important; -webkit-box-orient: vertical; min-width: fit-content; width: fit-content; padding: 0px 0px 6px 0px">
               <span style="font-size: 12px; font-weight: bold; color: rgba(99, 115, 129, 1); word-break: break-all; vertical-align: middle">
                무료배송
               </span>
              </div>
              <div style="-webkit-line-clamp: 2; overflow: hidden; display: -webkit-box!important; -webkit-box-orient: vertical; width: 100%;; margin: 0px 0px 4px 0px">
               <span class="product-title" style="font-size: 14px; font-weight: normal; color: rgba(33, 43, 54, 1); word-break: break-all; vertical-align: middle">
                푸드원 맛닭 냉장 훈제 닭가슴살 저염분, 100g, 60개
               </span>
              </div>
              <div style="display: flex; flex-direction: row; -webkit-box-sizing: border-box; min-width: fit-content; width: fit-content; margin: 0px 0px 4px 0px; align-items: center">
               <div style="-webkit-line-clamp: 1; overflow: hidden; display: -webkit-box!important; -webkit-box-orient: vertical; min-width: fit-content; width: fit-content; margin: 0px 4px 0px 0px">
                <span style="font-size: 14px; font-weight: bold; color: rgba(203, 20, 0, 1); word-break: break-all; vertical-align: middle">
                 100,000원
                </span>
               </div>
              </div>
              <div style="display: flex; flex-direction: column; min-width: fit-content; width: fit-content; margin: 0px 0px 4px 0px">
              </div>
              <div style="display: flex; flex-direction: row; -webkit-box-sizing: border-box; min-width: fit-content; width: fit-content">
              </div>
              <div style="display: flex; flex-direction: row; -webkit-box-sizing: border-box; min-width: fit-content; width: fit-content; align-items: flex-end">
               <div style="display: flex; min-width: fit-content; width: fit-content; height: 13px; min-height: 13px; margin: 0px 2px 0px 0px">
                <span style="display: block; background-image: url(//static.coupangcdn.com/image/cmg/common/rating-star/RDS.png); background-repeat: no-repeat; width: 60px; height: 12px; background-size: 60px 24px; background-position: 0 -12px">
                 <em style="display: block; background-image: url(//static.coupangcdn.com/image/cmg/common/rating-star/RDS.png); background-repeat: no-repeat; width: 90%; height: 12px; background-size: 60px 24px; background-position: 0 0">
                 </em>
                </span>
               </div>
               <div style="-webkit-line-clamp: 1; overflow: hidden; display: -webkit-box!important; -webkit-box-orient: vertical; min-width: fit-content; width: fit-content">
                <span style="font-size: 12px; font-weight: normal; color: rgba(118, 134, 149, 1); word-break: break-all; vertical-align: middle">
                 (2,268)
                </span>
               </div>
              </div>
             </div>
             <div style="display: flex; flex-direction: column; width: 1px; min-width: 1px; align-self: stretch; margin: 0px 0px 16px 0px; background-color: rgba(238, 238, 238, 1)">
             </div>
            </div>
            <div style="display: flex; flex-direction: row; -webkit-box-sizing: border-box; min-width: fit-content; width: fit-content">
             <div class="cmg-dco-carousel-item cmg-dco-carousel-product" data-adsplatform='{"viewImpression": "https://mercury.coupang.com/e.gif?r=by13jexFf_9HbB9Pb6ZhNauAQRlaGJd3hMWE66IGjcjn-WmAqiJrhDmjsae5OunIXZ_2lUSYkv3640nyRQfSpiBQlp_6OYfbtJjSCwuIYkwrZCwWCoM_V1FjIR4nJkkAwOvq0K84MOEdUT0rK0nLUZPiuOjsn3D5A2TXvcrUsvRA6UuAfweH5cRH05pHhXfufEgiQdNH37A8P3aAZnnbGlOtj6lgKwh_1LqQ_SMyynBgviMUvPGR4wyfQSdk9u1RrC8d16aA0_fyb_hA-uqOnWoblZxJ9CreM3ZyhrsRUVbkAYCSi44JQha1pg_txMWcljToIa5Re7dyKUgSLvGwis-_DKJNpDiDiLKrK1vHwN_ulP34dQQhb_QaXQ7xdGHLp_Nl9j1uS5msAZAQ47x4sMecscekMGUelNEFSvsomk0N8ZOLYSInewlULNkLp01J6tXQIdUH5wtY2OmltbPVXhRnI5ar3rq9Rz5y4Qmuwr_ucarHEKGZTU97J7QtX5iAGITpI9ijLtLIeyVGlNUT9JR_ojs2XdGz9hkqSP4zk8C1Z96-r7VF93tAWwrMsODQjU3J-_EJcr714dI%3D%7ETTNhSrEJI7fbs7oGTVwor5lP04oFS6Xp7fX-BcXqf5-3VbyVZj4cES9xg8fGdgJPklTOBZCgUvk5yEFhldjwmXY_0_BREt1j4eXBz4T2EYsI1Kk7k8budobCCn7Z9o0u10uF0DvUsQ07B1L5ao6OEHZGN2v7CE9h3PW0zpZHWH57D4p4AksLOYW1kUzcsboRQ8fDHDInnoQNSHj1-38tYTO7cAfHSi3mATGSp8NCRPQhCL2AZm_2-NyH9yuVVjVN-H87LWSE_iuLei2Bj_fOU_K6h4fmTJqPNf-ESDeM3kapEp45o8oQDnEZiUr2a-lS2BeUjGdZvVoJFTDC66Lp9yUsd2RxDDjEEvtP8efKOExFGeDia5Q5Xc0uVn3aq83tDNkNfB7gTDvQxyhaZOBZoeXxhS2n_4VxLQZeJg%3D%3D%7EyZhL9kvHcNycJyZTyaV-x6cqubHRrrquhAFemU_hR7SC4BSjUVVFkm63T0XdGZ0iBMbygIiObL-B&amp;templateId=3880"}' style="display: flex; flex-direction: column; width: 124px; min-width: 124px; margin: 0px 12px 16px 12px">
              <div style="width: 124px; min-width: 124px; height: 124px; min-height: 124px; margin: 0px 0px 8px 0px; overflow: hidden">
               <img class="main-image" src="https://thumbnail6.coupangcdn.com/thumbnails/remote/292x292q65ex/image/vendor_inventory/f181/704c145a104a1ec8275707ea13a012e1d35a86e5024b7b202bc5af26d464.jpg" style="vertical-align: top; height: 100%; object-fit: contain;border-radius: 0px 0px 0px 0px;"/>
              </div>
              <div style="-webkit-line-clamp: 100; overflow: hidden; display: -webkit-box!important; -webkit-box-orient: vertical; min-width: fit-content; width: fit-content; padding: 0px 0px 6px 0px">
               <span style="font-size: 12px; font-weight: bold; color: rgba(99, 115, 129, 1); word-break: break-all; vertical-align: middle">
                무료배송
               </span>
              </div>
              <div style="-webkit-line-clamp: 2; overflow: hidden; display: -webkit-box!important; -webkit-box-orient: vertical; width: 100%;; margin: 0px 0px 4px 0px">
               <span class="product-title" style="font-size: 14px; font-weight: normal; color: rgba(33, 43, 54, 1); word-break: break-all; vertical-align: middle">
                햇살닭 더촉촉한 닭가슴살 100g 9종 18팩(각 2팩씩) / 소스 / 혼합구성, 1세트
               </span>
              </div>
              <div style="display: flex; flex-direction: row; -webkit-box-sizing: border-box; min-width: fit-content; width: fit-content; margin: 0px 0px 4px 0px; align-items: center">
               <div style="-webkit-line-clamp: 1; overflow: hidden; display: -webkit-box!important; -webkit-box-orient: vertical; min-width: fit-content; width: fit-content; margin: 0px 4px 0px 0px">
                <span style="font-size: 14px; font-weight: bold; color: rgba(203, 20, 0, 1); word-break: break-all; vertical-align: middle">
                 27,800원
                </span>
               </div>
              </div>
              <div style="display: flex; flex-direction: column; min-width: fit-content; width: fit-content; margin: 0px 0px 4px 0px">
              </div>
              <div style="display: flex; flex-direction: row; -webkit-box-sizing: border-box; min-width: fit-content; width: fit-content">
               <div style="display: flex; flex-direction: row; -webkit-box-sizing: border-box; min-width: fit-content; width: fit-content; height: 16px; min-height: 16px; padding: 0px 4px 1px 4px; margin: 0px 0px 6px 0px; background-color: rgba(225, 39, 5, 1); border-radius: 4px 4px 4px 4px; align-items: center">
                <div style="-webkit-line-clamp: 1; overflow: hidden; display: -webkit-box!important; -webkit-box-orient: vertical; min-width: fit-content; width: fit-content; margin: 0px 2px 0px 0px">
                 <span style="font-size: 11px; font-weight: bold; color: rgba(255, 255, 255, 1); word-break: break-all; vertical-align: middle">
                  42%
                 </span>
                </div>
                <div style="-webkit-line-clamp: 1; overflow: hidden; display: -webkit-box!important; -webkit-box-orient: vertical; min-width: fit-content; width: fit-content">
                 <span style="font-size: 11px; font-weight: bold; color: rgba(255, 255, 255, 1); word-break: break-all; vertical-align: middle">
                  할인
                 </span>
                </div>
               </div>
              </div>
              <div style="display: flex; flex-direction: row; -webkit-box-sizing: border-box; min-width: fit-content; width: fit-content; align-items: flex-end">
               <div style="display: flex; min-width: fit-content; width: fit-content; height: 13px; min-height: 13px; margin: 0px 2px 0px 0px">
                <span style="display: block; background-image: url(//static.coupangcdn.com/image/cmg/common/rating-star/RDS.png); background-repeat: no-repeat; width: 60px; height: 12px; background-size: 60px 24px; background-position: 0 -12px">
                 <em style="display: block; background-image: url(//static.coupangcdn.com/image/cmg/common/rating-star/RDS.png); background-repeat: no-repeat; width: 100%; height: 12px; background-size: 60px 24px; background-position: 0 0">
                 </em>
                </span>
               </div>
               <div style="-webkit-line-clamp: 1; overflow: hidden; display: -webkit-box!important; -webkit-box-orient: vertical; min-width: fit-content; width: fit-content">
                <span style="font-size: 12px; font-weight: normal; color: rgba(118, 134, 149, 1); word-break: break-all; vertical-align: middle">
                 (129)
                </span>
               </div>
              </div>
             </div>
             <div style="display: flex; flex-direction: column; width: 1px; min-width: 1px; align-self: stretch; margin: 0px 0px 16px 0px; background-color: rgba(238, 238, 238, 1)">
             </div>
            </div>
            <div style="display: flex; flex-direction: row; -webkit-box-sizing: border-box; min-width: fit-content; width: fit-content">
             <div class="cmg-dco-carousel-item cmg-dco-carousel-product" data-adsplatform='{"viewImpression": "https://mercury.coupang.com/e.gif?r=by13jexFf_9HbB9Pb6ZhNauAQRlaGJd3hMWE66IGjcjn-WmAqiJrhDmjsae5OunIXZ_2lUSYkv3640nyRQfSpiBQlp_6OYfbtJjSCwuIYkwrZCwWCoM_V1FjIR4nJkkAwOvq0K84MOEdUT0rK0nLUZPiuOjsn3D5A2TXvcrUsvRA6UuAfweH5cRH05pHhXfufEgiQdNH37A8P3aAZnnbGlOtj6lgKwh_1LqQ_SMyynBgviMUvPGR4wyfQSdk9u1RrC8d16aA0_fyb_hA-uqOnWoblZxJ9CreM3ZyhrsRUVbkAYCSi44JQha1pg_txMWcljToIa5Re7dyKUgSLvGwis-_DKJNpDiDiLKrK1vHwN_ulP34dQQhb_QaXQ7xdGHLp_Nl9j1uS5msAZAQ47x4sMecscekMGUelNEFSvsomk0N8ZOLYSInewlULNkLp01J6tXQIdUH5wtY2OmltbPVXhRnI5ar3rq9Rz5y4Qmuwr_ucarHEKGZTU97J7QtX5iAGITpI9ijLtLIeyVGlNUT9JR_ojs2XdGz9hkqSP4zk8C1Z96-r7VF93tAWwrMsODQjU3J-_EJcr714dI%3D%7EffG0mrcwyl1pFIZ8fe9DqQjSd7zES_opJgWmu9e51lJPLK6tWodpaDpExGtpgVZSZcHmuya5QPLGDHTtmq6w_9gdppJ44R-io4awU8Vf2V0RCYH88Id6wCJ9Nhj1MMbn5Km6TF38jayEFmpCYb38J6sxEVO4B1MSfptew491RTvdVZNGq_cON6wS_ld1B8tKK2AR-Hwhfm2Tq6souPHVLR677kEmMgTALXbw42K_GxBBHz-HS3ebxqDf_eSwJ7TUbdiSqvI28sPz079j0L6R24H0K1WT_kzXAltrzBAYoyIIza2ZKjMbyVtXnSjyGtnoqxJdBQKwS2xHdm2sKcXzHuV5jT9AMeNNNvmJhttam6Ubk1ZkgN2Oco0m3-dwt--plJ21ZVoTnUkJxRR8TCaSu4W4xykQmKWsCrM%3D%7EyZhL9kvHcNycJyZTyaV-x6cqubHRrrquhAFemU_hR7SC4BSjUVVFkm63T0XdGZ0iBMbygIiObL-B&amp;templateId=3880"}' style="display: flex; flex-direction: column; width: 124px; min-width: 124px; margin: 0px 12px 16px 12px">
              <div style="width: 124px; min-width: 124px; height: 124px; min-height: 124px; margin: 0px 0px 8px 0px; overflow: hidden">
               <img class="main-image" src="https://thumbnail13.coupangcdn.com/thumbnails/remote/292x292q65ex/image/vendor_inventory/b56e/b2287857eaddd8fe06f59f9e0cf101f2da46e623f009182df6a5970abcf7.jpg" style="vertical-align: top; height: 100%; object-fit: contain;border-radius: 0px 0px 0px 0px;"/>
              </div>
              <div style="-webkit-line-clamp: 100; overflow: hidden; display: -webkit-box!important; -webkit-box-orient: vertical; min-width: fit-content; width: fit-content; padding: 0px 0px 6px 0px">
               <span style="font-size: 12px; font-weight: bold; color: rgba(99, 115, 129, 1); word-break: break-all; vertical-align: middle">
                무료배송
               </span>
              </div>
              <div style="-webkit-line-clamp: 2; overflow: hidden; display: -webkit-box!important; -webkit-box-orient: vertical; width: 100%;; margin: 0px 0px 4px 0px">
               <span class="product-title" style="font-size: 14px; font-weight: normal; color: rgba(33, 43, 54, 1); word-break: break-all; vertical-align: middle">
                소스 닭가슴살 15팩 7종 혼합세트 훈제 스팀 그릴 냉동 슬라이스 소세지 볼 큐브, 1세트, 100g
               </span>
              </div>
              <div style="display: flex; flex-direction: row; -webkit-box-sizing: border-box; min-width: fit-content; width: fit-content; margin: 0px 0px 4px 0px; align-items: center">
               <div style="-webkit-line-clamp: 1; overflow: hidden; display: -webkit-box!important; -webkit-box-orient: vertical; min-width: fit-content; width: fit-content; margin: 0px 4px 0px 0px">
                <span style="font-size: 14px; font-weight: bold; color: rgba(203, 20, 0, 1); word-break: break-all; vertical-align: middle">
                 23,900원
                </span>
               </div>
              </div>
              <div style="display: flex; flex-direction: column; min-width: fit-content; width: fit-content; margin: 0px 0px 4px 0px">
              </div>
              <div style="display: flex; flex-direction: row; -webkit-box-sizing: border-box; min-width: fit-content; width: fit-content">
               <div style="display: flex; flex-direction: row; -webkit-box-sizing: border-box; min-width: fit-content; width: fit-content; height: 16px; min-height: 16px; padding: 0px 4px 1px 4px; margin: 0px 0px 6px 0px; background-color: rgba(225, 39, 5, 1); border-radius: 4px 4px 4px 4px; align-items: center">
                <div style="-webkit-line-clamp: 1; overflow: hidden; display: -webkit-box!important; -webkit-box-orient: vertical; min-width: fit-content; width: fit-content; margin: 0px 2px 0px 0px">
                 <span style="font-size: 11px; font-weight: bold; color: rgba(255, 255, 255, 1); word-break: break-all; vertical-align: middle">
                  25%
                 </span>
                </div>
                <div style="-webkit-line-clamp: 1; overflow: hidden; display: -webkit-box!important; -webkit-box-orient: vertical; min-width: fit-content; width: fit-content">
                 <span style="font-size: 11px; font-weight: bold; color: rgba(255, 255, 255, 1); word-break: break-all; vertical-align: middle">
                  할인
                 </span>
                </div>
               </div>
              </div>
              <div style="display: flex; flex-direction: row; -webkit-box-sizing: border-box; min-width: fit-content; width: fit-content; align-items: flex-end">
               <div style="display: flex; min-width: fit-content; width: fit-content; height: 13px; min-height: 13px; margin: 0px 2px 0px 0px">
                <span style="display: block; background-image: url(//static.coupangcdn.com/image/cmg/common/rating-star/RDS.png); background-repeat: no-repeat; width: 60px; height: 12px; background-size: 60px 24px; background-position: 0 -12px">
                 <em style="display: block; background-image: url(//static.coupangcdn.com/image/cmg/common/rating-star/RDS.png); background-repeat: no-repeat; width: 90%; height: 12px; background-size: 60px 24px; background-position: 0 0">
                 </em>
                </span>
               </div>
               <div style="-webkit-line-clamp: 1; overflow: hidden; display: -webkit-box!important; -webkit-box-orient: vertical; min-width: fit-content; width: fit-content">
                <span style="font-size: 12px; font-weight: normal; color: rgba(118, 134, 149, 1); word-break: break-all; vertical-align: middle">
                 (1,104)
                </span>
               </div>
              </div>
             </div>
             <div style="display: flex; flex-direction: column; width: 1px; min-width: 1px; align-self: stretch; margin: 0px 0px 16px 0px; background-color: rgba(238, 238, 238, 1)">
             </div>
            </div>
            <div style="display: flex; flex-direction: row; -webkit-box-sizing: border-box; min-width: fit-content; width: fit-content">
             <div class="cmg-dco-carousel-item cmg-dco-carousel-product" data-adsplatform='{"viewImpression": "https://mercury.coupang.com/e.gif?r=by13jexFf_9HbB9Pb6ZhNauAQRlaGJd3hMWE66IGjcjn-WmAqiJrhDmjsae5OunIXZ_2lUSYkv3640nyRQfSpiBQlp_6OYfbtJjSCwuIYkwrZCwWCoM_V1FjIR4nJkkAwOvq0K84MOEdUT0rK0nLUZPiuOjsn3D5A2TXvcrUsvRA6UuAfweH5cRH05pHhXfufEgiQdNH37A8P3aAZnnbGlOtj6lgKwh_1LqQ_SMyynBgviMUvPGR4wyfQSdk9u1RrC8d16aA0_fyb_hA-uqOnWoblZxJ9CreM3ZyhrsRUVbkAYCSi44JQha1pg_txMWcljToIa5Re7dyKUgSLvGwis-_DKJNpDiDiLKrK1vHwN_ulP34dQQhb_QaXQ7xdGHLp_Nl9j1uS5msAZAQ47x4sMecscekMGUelNEFSvsomk0N8ZOLYSInewlULNkLp01J6tXQIdUH5wtY2OmltbPVXhRnI5ar3rq9Rz5y4Qmuwr_ucarHEKGZTU97J7QtX5iAGITpI9ijLtLIeyVGlNUT9JR_ojs2XdGz9hkqSP4zk8C1Z96-r7VF93tAWwrMsODQjU3J-_EJcr714dI%3D%7E0Ckrx68n55eKHIBX0MpLGI-Oajj0hg6Lex0xrHtg-I8dzMyU3xOG1mQZjzbvGMrRQXoCAv6J0o0-Lc_cccCHGVqp8szTdHfjD694v28AxpjBpY3L_2pLYV4IemPP9VqwSYcGcaLnWegI5BfElCOgq3W27iXF31gk11uxFjFODM_x15zD9Rp4QZtgianWKMJrNIrASxA35r81fG4GdfFyrdH_Gs-W19cE499kSTijZhv0H9Ksx56w0mDNJSzMTEPVh5uc8ObaAPe5oX0HkxksclPvx0VN-JW4fBnHHJR_j34E1-zuASqw5kKfb71aKtEWyLz1DkYFbzvxu8Ei1s_9UTRbCndzZW8PWfbW9h2_ikbFuUqDSX4GrHfq4Sk-fi6huQ1IdP-nD9eRzl8wtjGU4tpBVaF94q_CB7X7PzdmeA%3D%3D%7EyZhL9kvHcNycJyZTyaV-x6cqubHRrrquhAFemU_hR7SC4BSjUVVFkm63T0XdGZ0iBMbygIiObL-B&amp;templateId=3880"}' style="display: flex; flex-direction: column; width: 124px; min-width: 124px; margin: 0px 12px 16px 12px">
              <div style="width: 124px; min-width: 124px; height: 124px; min-height: 124px; margin: 0px 0px 8px 0px; overflow: hidden">
               <img class="main-image" src="https://thumbnail15.coupangcdn.com/thumbnails/remote/292x292q65ex/image/vendor_inventory/d4f1/5cf15e2748165ccd03efd1cfb8633b337f5062acc2cab2b0920adcc08d80.jpg" style="vertical-align: top; height: 100%; object-fit: contain;border-radius: 0px 0px 0px 0px;"/>
              </div>
              <div style="-webkit-line-clamp: 100; overflow: hidden; display: -webkit-box!important; -webkit-box-orient: vertical; min-width: fit-content; width: fit-content; padding: 0px 0px 6px 0px">
               <span style="font-size: 12px; font-weight: bold; color: rgba(99, 115, 129, 1); word-break: break-all; vertical-align: middle">
                무료배송
               </span>
              </div>
              <div style="-webkit-line-clamp: 2; overflow: hidden; display: -webkit-box!important; -webkit-box-orient: vertical; width: 100%;; margin: 0px 0px 4px 0px">
               <span class="product-title" style="font-size: 14px; font-weight: normal; color: rgba(33, 43, 54, 1); word-break: break-all; vertical-align: middle">
                육식토끼 소프트 닭가슴살 100g 3kg 30팩 혼합 3가지맛, 1세트
               </span>
              </div>
              <div style="display: flex; flex-direction: row; -webkit-box-sizing: border-box; min-width: fit-content; width: fit-content; margin: 0px 0px 4px 0px; align-items: center">
               <div style="-webkit-line-clamp: 1; overflow: hidden; display: -webkit-box!important; -webkit-box-orient: vertical; min-width: fit-content; width: fit-content; margin: 0px 4px 0px 0px">
                <span style="font-size: 14px; font-weight: bold; color: rgba(203, 20, 0, 1); word-break: break-all; vertical-align: middle">
                 58,900원
                </span>
               </div>
              </div>
              <div style="display: flex; flex-direction: column; min-width: fit-content; width: fit-content; margin: 0px 0px 4px 0px">
              </div>
              <div style="display: flex; flex-direction: row; -webkit-box-sizing: border-box; min-width: fit-content; width: fit-content">
              </div>
              <div style="display: flex; flex-direction: row; -webkit-box-sizing: border-box; min-width: fit-content; width: fit-content; align-items: flex-end">
               <div style="display: flex; min-width: fit-content; width: fit-content; height: 13px; min-height: 13px; margin: 0px 2px 0px 0px">
                <span style="display: block; background-image: url(//static.coupangcdn.com/image/cmg/common/rating-star/RDS.png); background-repeat: no-repeat; width: 60px; height: 12px; background-size: 60px 24px; background-position: 0 -12px">
                 <em style="display: block; background-image: url(//static.coupangcdn.com/image/cmg/common/rating-star/RDS.png); background-repeat: no-repeat; width: 90%; height: 12px; background-size: 60px 24px; background-position: 0 0">
                 </em>
                </span>
               </div>
               <div style="-webkit-line-clamp: 1; overflow: hidden; display: -webkit-box!important; -webkit-box-orient: vertical; min-width: fit-content; width: fit-content">
                <span style="font-size: 12px; font-weight: normal; color: rgba(118, 134, 149, 1); word-break: break-all; vertical-align: middle">
                 (3,461)
                </span>
               </div>
              </div>
             </div>
             <div style="display: flex; flex-direction: column; width: 1px; min-width: 1px; align-self: stretch; margin: 0px 0px 16px 0px; background-color: rgba(238, 238, 238, 1)">
             </div>
            </div>
            <div style="display: flex; flex-direction: row; -webkit-box-sizing: border-box; min-width: fit-content; width: fit-content">
             <div class="cmg-dco-carousel-item cmg-dco-carousel-product" data-adsplatform='{"viewImpression": "https://mercury.coupang.com/e.gif?r=by13jexFf_9HbB9Pb6ZhNauAQRlaGJd3hMWE66IGjcjn-WmAqiJrhDmjsae5OunIXZ_2lUSYkv3640nyRQfSpiBQlp_6OYfbtJjSCwuIYkwrZCwWCoM_V1FjIR4nJkkAwOvq0K84MOEdUT0rK0nLUZPiuOjsn3D5A2TXvcrUsvRA6UuAfweH5cRH05pHhXfufEgiQdNH37A8P3aAZnnbGlOtj6lgKwh_1LqQ_SMyynBgviMUvPGR4wyfQSdk9u1RrC8d16aA0_fyb_hA-uqOnWoblZxJ9CreM3ZyhrsRUVbkAYCSi44JQha1pg_txMWcljToIa5Re7dyKUgSLvGwis-_DKJNpDiDiLKrK1vHwN_ulP34dQQhb_QaXQ7xdGHLp_Nl9j1uS5msAZAQ47x4sMecscekMGUelNEFSvsomk0N8ZOLYSInewlULNkLp01J6tXQIdUH5wtY2OmltbPVXhRnI5ar3rq9Rz5y4Qmuwr_ucarHEKGZTU97J7QtX5iAGITpI9ijLtLIeyVGlNUT9JR_ojs2XdGz9hkqSP4zk8C1Z96-r7VF93tAWwrMsODQjU3J-_EJcr714dI%3D%7EJyr71KGDyHI-XVPZJwaxkuNhRIsIcOx7XUXtZrzfrFc8ZVypaHlLoVTYCPK-h_Xad1SahtNKRji67OHeKDwF0dWjhmofkPfe1q6CHqAB1t0uDzP6YOMRK4ttspfmY070uAvOfBTIjG0dOX2DhVPPvG9XoQCMwBWaH7Dxb9zEu1x8EJywjrS2n_LUJaqfrioNYA4CseGIUF14dSkh5f7oJtTRROkNTlgl-FMqboWavK_aoUaxUI7LeyCCaPWC_Q4LACmo9nPDPGyfPV-PKs-1ImI4y0qBfe9ArQAkMY3b3NtQTprV-qTcLznzAihHvJqEdBcuZshZBfogTHeIDrEr9znuv4XRg2h-rliyI39ec_HDfAjd14i6691rBCA2h9lggK9I0rCJCtIiiVusFOeDTQ73KzDeGS3Ub5JFk1o%3D%7EyZhL9kvHcNycJyZTyaV-x6cqubHRrrquhAFemU_hR7SC4BSjUVVFkm63T0XdGZ0iBMbygIiObL-B&amp;templateId=3880"}' style="display: flex; flex-direction: column; width: 124px; min-width: 124px; margin: 0px 12px 16px 12px">
              <div style="width: 124px; min-width: 124px; height: 124px; min-height: 124px; margin: 0px 0px 8px 0px; overflow: hidden">
               <img class="main-image" src="https://thumbnail5.coupangcdn.com/thumbnails/remote/292x292q65ex/image/vendor_inventory/1415/ca5d4bd440ac119815b4467aa6504730692d458b24a1a19df1c47876341c.jpg" style="vertical-align: top; height: 100%; object-fit: contain;border-radius: 0px 0px 0px 0px;"/>
              </div>
              <div style="-webkit-line-clamp: 100; overflow: hidden; display: -webkit-box!important; -webkit-box-orient: vertical; min-width: fit-content; width: fit-content; padding: 0px 0px 6px 0px">
               <span style="font-size: 12px; font-weight: bold; color: rgba(99, 115, 129, 1); word-break: break-all; vertical-align: middle">
                무료배송
               </span>
              </div>
              <div style="-webkit-line-clamp: 2; overflow: hidden; display: -webkit-box!important; -webkit-box-orient: vertical; width: 100%;; margin: 0px 0px 4px 0px">
               <span class="product-title" style="font-size: 14px; font-weight: normal; color: rgba(33, 43, 54, 1); word-break: break-all; vertical-align: middle">
                자연의닭 냉장 닭가슴살(껍질없음), 1개, 5kg
               </span>
              </div>
              <div style="display: flex; flex-direction: row; -webkit-box-sizing: border-box; min-width: fit-content; width: fit-content; margin: 0px 0px 4px 0px; align-items: center">
               <div style="-webkit-line-clamp: 1; overflow: hidden; display: -webkit-box!important; -webkit-box-orient: vertical; min-width: fit-content; width: fit-content; margin: 0px 4px 0px 0px">
                <span style="font-size: 14px; font-weight: bold; color: rgba(203, 20, 0, 1); word-break: break-all; vertical-align: middle">
                 32,000원
                </span>
               </div>
              </div>
              <div style="display: flex; flex-direction: column; min-width: fit-content; width: fit-content; margin: 0px 0px 4px 0px">
              </div>
              <div style="display: flex; flex-direction: row; -webkit-box-sizing: border-box; min-width: fit-content; width: fit-content">
              </div>
              <div style="display: flex; flex-direction: row; -webkit-box-sizing: border-box; min-width: fit-content; width: fit-content; align-items: flex-end">
               <div style="display: flex; min-width: fit-content; width: fit-content; height: 13px; min-height: 13px; margin: 0px 2px 0px 0px">
                <span style="display: block; background-image: url(//static.coupangcdn.com/image/cmg/common/rating-star/RDS.png); background-repeat: no-repeat; width: 60px; height: 12px; background-size: 60px 24px; background-position: 0 -12px">
                 <em style="display: block; background-image: url(//static.coupangcdn.com/image/cmg/common/rating-star/RDS.png); background-repeat: no-repeat; width: 100%; height: 12px; background-size: 60px 24px; background-position: 0 0">
                 </em>
                </span>
               </div>
               <div style="-webkit-line-clamp: 1; overflow: hidden; display: -webkit-box!important; -webkit-box-orient: vertical; min-width: fit-content; width: fit-content">
                <span style="font-size: 12px; font-weight: normal; color: rgba(118, 134, 149, 1); word-break: break-all; vertical-align: middle">
                 (2,632)
                </span>
               </div>
              </div>
             </div>
             <div style="display: flex; flex-direction: column; width: 1px; min-width: 1px; align-self: stretch; margin: 0px 0px 16px 0px; background-color: rgba(238, 238, 238, 1)">
             </div>
            </div>
            <div style="display: flex; flex-direction: row; -webkit-box-sizing: border-box; min-width: fit-content; width: fit-content">
             <div class="cmg-dco-carousel-item cmg-dco-carousel-product" data-adsplatform='{"viewImpression": "https://mercury.coupang.com/e.gif?r=by13jexFf_9HbB9Pb6ZhNauAQRlaGJd3hMWE66IGjcjn-WmAqiJrhDmjsae5OunIXZ_2lUSYkv3640nyRQfSpiBQlp_6OYfbtJjSCwuIYkwrZCwWCoM_V1FjIR4nJkkAwOvq0K84MOEdUT0rK0nLUZPiuOjsn3D5A2TXvcrUsvRA6UuAfweH5cRH05pHhXfufEgiQdNH37A8P3aAZnnbGlOtj6lgKwh_1LqQ_SMyynBgviMUvPGR4wyfQSdk9u1RrC8d16aA0_fyb_hA-uqOnWoblZxJ9CreM3ZyhrsRUVbkAYCSi44JQha1pg_txMWcljToIa5Re7dyKUgSLvGwis-_DKJNpDiDiLKrK1vHwN_ulP34dQQhb_QaXQ7xdGHLp_Nl9j1uS5msAZAQ47x4sMecscekMGUelNEFSvsomk0N8ZOLYSInewlULNkLp01J6tXQIdUH5wtY2OmltbPVXhRnI5ar3rq9Rz5y4Qmuwr_ucarHEKGZTU97J7QtX5iAGITpI9ijLtLIeyVGlNUT9JR_ojs2XdGz9hkqSP4zk8C1Z96-r7VF93tAWwrMsODQjU3J-_EJcr714dI%3D%7EF99yOfhvl42b7l5aF-So-QQ3B3DEvJEMg9mEYWLutlOQCMUqatAXERfObhz6CEJ7xo8_4V2xho2oYVwq2GPQ5QV1xaqSOZ5QO11J_rXHM9Yfpwpm_1D0ZwbjCxgT8mTjNJK_qvz8yZkGyRMsfwH8-ZerOrGT0Yo8Ag44b90ORjoOE8JwDXI-sFt5pzAAfsHytmGG0rlWKuAxR0jrEf6LcPii97suNxySGCh68LW7D-gsoTQnJ5On00hd1Wlzncf0SZa-tQyst4zjCU3bsrLwJ-Ho68QoU0QlZkQPbfrL_S6EE60JvlQ9ZP8ZgxJXGHjOw3tB8h7f_qifWCBBsMeJ6BoD31Q1J64qnOqU8MkTRN5PGctiFQg2btTkB2Er3WAJG6QhN8yU7IchQoipkVUtF7mt37yA7TzWjJ6p%7EyZhL9kvHcNycJyZTyaV-x6cqubHRrrquhAFemU_hR7SC4BSjUVVFkm63T0XdGZ0iBMbygIiObL-B&amp;templateId=3880"}' style="display: flex; flex-direction: column; width: 124px; min-width: 124px; margin: 0px 12px 16px 12px">
              <div style="width: 124px; min-width: 124px; height: 124px; min-height: 124px; margin: 0px 0px 8px 0px; overflow: hidden">
               <img class="main-image" src="https://thumbnail15.coupangcdn.com/thumbnails/remote/292x292q65ex/image/vendor_inventory/b3b5/75a51bc0bd7ad4ce853b034535a3c2a0dff5b45a0b8b54159c37a1c81731.jpg" style="vertical-align: top; height: 100%; object-fit: contain;border-radius: 0px 0px 0px 0px;"/>
              </div>
              <div style="-webkit-line-clamp: 100; overflow: hidden; display: -webkit-box!important; -webkit-box-orient: vertical; min-width: fit-content; width: fit-content; padding: 0px 0px 6px 0px">
               <span style="font-size: 12px; font-weight: bold; color: rgba(99, 115, 129, 1); word-break: break-all; vertical-align: middle">
                무료배송
               </span>
              </div>
              <div style="-webkit-line-clamp: 2; overflow: hidden; display: -webkit-box!important; -webkit-box-orient: vertical; width: 100%;; margin: 0px 0px 4px 0px">
               <span class="product-title" style="font-size: 14px; font-weight: normal; color: rgba(33, 43, 54, 1); word-break: break-all; vertical-align: middle">
                육식토끼 닭가슴살 블랙페퍼, 150g, 67개
               </span>
              </div>
              <div style="display: flex; flex-direction: row; -webkit-box-sizing: border-box; min-width: fit-content; width: fit-content; margin: 0px 0px 4px 0px; align-items: center">
               <div style="-webkit-line-clamp: 1; overflow: hidden; display: -webkit-box!important; -webkit-box-orient: vertical; min-width: fit-content; width: fit-content; margin: 0px 4px 0px 0px">
                <span style="font-size: 14px; font-weight: bold; color: rgba(203, 20, 0, 1); word-break: break-all; vertical-align: middle">
                 155,000원
                </span>
               </div>
              </div>
              <div style="display: flex; flex-direction: column; min-width: fit-content; width: fit-content; margin: 0px 0px 4px 0px">
              </div>
              <div style="display: flex; flex-direction: row; -webkit-box-sizing: border-box; min-width: fit-content; width: fit-content">
              </div>
              <div style="display: flex; flex-direction: row; -webkit-box-sizing: border-box; min-width: fit-content; width: fit-content; align-items: flex-end">
               <div style="display: flex; min-width: fit-content; width: fit-content; height: 13px; min-height: 13px; margin: 0px 2px 0px 0px">
                <span style="display: block; background-image: url(//static.coupangcdn.com/image/cmg/common/rating-star/RDS.png); background-repeat: no-repeat; width: 60px; height: 12px; background-size: 60px 24px; background-position: 0 -12px">
                 <em style="display: block; background-image: url(//static.coupangcdn.com/image/cmg/common/rating-star/RDS.png); background-repeat: no-repeat; width: 90%; height: 12px; background-size: 60px 24px; background-position: 0 0">
                 </em>
                </span>
               </div>
               <div style="-webkit-line-clamp: 1; overflow: hidden; display: -webkit-box!important; -webkit-box-orient: vertical; min-width: fit-content; width: fit-content">
                <span style="font-size: 12px; font-weight: normal; color: rgba(118, 134, 149, 1); word-break: break-all; vertical-align: middle">
                 (1,320)
                </span>
               </div>
              </div>
             </div>
             <div style="display: flex; flex-direction: column; width: 1px; min-width: 1px; align-self: stretch; margin: 0px 0px 16px 0px; background-color: rgba(238, 238, 238, 1)">
             </div>
            </div>
            <div style="display: flex; flex-direction: row; -webkit-box-sizing: border-box; min-width: fit-content; width: fit-content">
             <div class="cmg-dco-carousel-item cmg-dco-carousel-product" data-adsplatform='{"viewImpression": "https://mercury.coupang.com/e.gif?r=by13jexFf_9HbB9Pb6ZhNauAQRlaGJd3hMWE66IGjcjn-WmAqiJrhDmjsae5OunIXZ_2lUSYkv3640nyRQfSpiBQlp_6OYfbtJjSCwuIYkwrZCwWCoM_V1FjIR4nJkkAwOvq0K84MOEdUT0rK0nLUZPiuOjsn3D5A2TXvcrUsvRA6UuAfweH5cRH05pHhXfufEgiQdNH37A8P3aAZnnbGlOtj6lgKwh_1LqQ_SMyynBgviMUvPGR4wyfQSdk9u1RrC8d16aA0_fyb_hA-uqOnWoblZxJ9CreM3ZyhrsRUVbkAYCSi44JQha1pg_txMWcljToIa5Re7dyKUgSLvGwis-_DKJNpDiDiLKrK1vHwN_ulP34dQQhb_QaXQ7xdGHLp_Nl9j1uS5msAZAQ47x4sMecscekMGUelNEFSvsomk0N8ZOLYSInewlULNkLp01J6tXQIdUH5wtY2OmltbPVXhRnI5ar3rq9Rz5y4Qmuwr_ucarHEKGZTU97J7QtX5iAGITpI9ijLtLIeyVGlNUT9JR_ojs2XdGz9hkqSP4zk8C1Z96-r7VF93tAWwrMsODQjU3J-_EJcr714dI%3D%7EDvA2xvnWuB_KupsaDs2uK22wBmObMLuukzD8lhyMs9W-rR8aUI32zeGRjjWd7mN5jkrXcy06u8lP2MbVS6GS2bi28zaX4b6JmMdPypiqaC03a65MF0n_0VwF6SBKi81q6GEev_qH3dcDF42fNmqY9FOSjeRS9aFXFjR2sE_ChMtZL41VXXkjpfQ24smisQdB5Xj1jSmjdR28CPQB7AX6RQFNRcAK9UFSBwVCxSwoaMozGcrFReuZO0E0d7gWEDulAEsKFxzpS5K9RmFvwI1OSgjA9LS41REcOBqfiin6ls6Qd7q4i_ImWIE5FVcizYfk05YaUHFKoPEyFcqj6RXqY_PrvxiUWNi3ke5plFc4SWvLhq-6s1AuG4pINpRk4L9keXGmUZdvoimDzhntqNK2g1WL1RNwMyxR7i4%3D%7EyZhL9kvHcNycJyZTyaV-x6cqubHRrrquhAFemU_hR7SC4BSjUVVFkm63T0XdGZ0iBMbygIiObL-B&amp;templateId=3880"}' style="display: flex; flex-direction: column; width: 124px; min-width: 124px; margin: 0px 12px 16px 12px">
              <div style="width: 124px; min-width: 124px; height: 124px; min-height: 124px; margin: 0px 0px 8px 0px; overflow: hidden">
               <img class="main-image" src="https://thumbnail3.coupangcdn.com/thumbnails/remote/292x292q65ex/image/vendor_inventory/c48f/15b233ba8a2e8535c448f21b600d505fc674dcc995beceab292ded13b617.jpg" style="vertical-align: top; height: 100%; object-fit: contain;border-radius: 0px 0px 0px 0px;"/>
              </div>
              <div style="-webkit-line-clamp: 100; overflow: hidden; display: -webkit-box!important; -webkit-box-orient: vertical; min-width: fit-content; width: fit-content; padding: 0px 0px 6px 0px">
               <span style="font-size: 12px; font-weight: bold; color: rgba(99, 115, 129, 1); word-break: break-all; vertical-align: middle">
                무료배송
               </span>
              </div>
              <div style="-webkit-line-clamp: 2; overflow: hidden; display: -webkit-box!important; -webkit-box-orient: vertical; width: 100%;; margin: 0px 0px 4px 0px">
               <span class="product-title" style="font-size: 14px; font-weight: normal; color: rgba(33, 43, 54, 1); word-break: break-all; vertical-align: middle">
                굽네 훈제 닭가슴살 오리지널, 100g, 20개
               </span>
              </div>
              <div style="display: flex; flex-direction: row; -webkit-box-sizing: border-box; min-width: fit-content; width: fit-content; margin: 0px 0px 4px 0px; align-items: center">
               <div style="-webkit-line-clamp: 1; overflow: hidden; display: -webkit-box!important; -webkit-box-orient: vertical; min-width: fit-content; width: fit-content; margin: 0px 4px 0px 0px">
                <span style="font-size: 14px; font-weight: bold; color: rgba(203, 20, 0, 1); word-break: break-all; vertical-align: middle">
                 49,380원
                </span>
               </div>
              </div>
              <div style="display: flex; flex-direction: column; min-width: fit-content; width: fit-content; margin: 0px 0px 4px 0px">
              </div>
              <div style="display: flex; flex-direction: row; -webkit-box-sizing: border-box; min-width: fit-content; width: fit-content">
              </div>
              <div style="display: flex; flex-direction: row; -webkit-box-sizing: border-box; min-width: fit-content; width: fit-content; align-items: flex-end">
               <div style="display: flex; min-width: fit-content; width: fit-content; height: 13px; min-height: 13px; margin: 0px 2px 0px 0px">
                <span style="display: block; background-image: url(//static.coupangcdn.com/image/cmg/common/rating-star/RDS.png); background-repeat: no-repeat; width: 60px; height: 12px; background-size: 60px 24px; background-position: 0 -12px">
                 <em style="display: block; background-image: url(//static.coupangcdn.com/image/cmg/common/rating-star/RDS.png); background-repeat: no-repeat; width: 90%; height: 12px; background-size: 60px 24px; background-position: 0 0">
                 </em>
                </span>
               </div>
               <div style="-webkit-line-clamp: 1; overflow: hidden; display: -webkit-box!important; -webkit-box-orient: vertical; min-width: fit-content; width: fit-content">
                <span style="font-size: 12px; font-weight: normal; color: rgba(118, 134, 149, 1); word-break: break-all; vertical-align: middle">
                 (9,999+)
                </span>
               </div>
              </div>
             </div>
             <div style="display: flex; flex-direction: column; width: 1px; min-width: 1px; align-self: stretch; margin: 0px 0px 16px 0px; background-color: rgba(238, 238, 238, 1)">
             </div>
            </div>
            <div style="display: flex; flex-direction: row; -webkit-box-sizing: border-box; min-width: fit-content; width: fit-content">
             <div class="cmg-dco-carousel-item cmg-dco-carousel-product" data-adsplatform='{"viewImpression": "https://mercury.coupang.com/e.gif?r=by13jexFf_9HbB9Pb6ZhNauAQRlaGJd3hMWE66IGjcjn-WmAqiJrhDmjsae5OunIXZ_2lUSYkv3640nyRQfSpiBQlp_6OYfbtJjSCwuIYkwrZCwWCoM_V1FjIR4nJkkAwOvq0K84MOEdUT0rK0nLUZPiuOjsn3D5A2TXvcrUsvRA6UuAfweH5cRH05pHhXfufEgiQdNH37A8P3aAZnnbGlOtj6lgKwh_1LqQ_SMyynBgviMUvPGR4wyfQSdk9u1RrC8d16aA0_fyb_hA-uqOnWoblZxJ9CreM3ZyhrsRUVbkAYCSi44JQha1pg_txMWcljToIa5Re7dyKUgSLvGwis-_DKJNpDiDiLKrK1vHwN_ulP34dQQhb_QaXQ7xdGHLp_Nl9j1uS5msAZAQ47x4sMecscekMGUelNEFSvsomk0N8ZOLYSInewlULNkLp01J6tXQIdUH5wtY2OmltbPVXhRnI5ar3rq9Rz5y4Qmuwr_ucarHEKGZTU97J7QtX5iAGITpI9ijLtLIeyVGlNUT9JR_ojs2XdGz9hkqSP4zk8C1Z96-r7VF93tAWwrMsODQjU3J-_EJcr714dI%3D%7EDfL6zlXJ6hkpE6AXDZ2AVACNIk3Qwm4Un5xTBA1m00xyHN666Tprp75UXFDEx1a-htyeJeZ0Jz5T8E-_HL2w-kPjFg85b09kcRYXk5sMO3A_1gWB7hZHyBi2ml6znaDLOFSSoy7KapJFVKd5CZWm8JI7JSG_Ok6Qt4fJCIPLRom7w30gNbM0qgFMnlrGErtqdje8KwWhKtIhCmFAqqxj_SbFhqhTLUtFjR6SB_H9OjHE2CkkcelvD63fz6WIhsQvepGVASuzoZ_eaN4gt_TiV-f62PXkAnDmWJvYMJbEcjn5EcsQ67G31OOQu54rGVlyTqrVajClN-Zeh_Avd6xuVp0NV6wdRfokQAz7IUal8kyJ4HFyAbN5oV43gfxM_0wR8gPxaoMs0mM2Z9lcwWnVfMvLFfvK4AssWA%3D%3D%7EyZhL9kvHcNycJyZTyaV-x6cqubHRrrquhAFemU_hR7SC4BSjUVVFkm63T0XdGZ0iBMbygIiObL-B&amp;templateId=3880"}' style="display: flex; flex-direction: column; width: 124px; min-width: 124px; margin: 0px 12px 16px 12px">
              <div style="width: 124px; min-width: 124px; height: 124px; min-height: 124px; margin: 0px 0px 8px 0px; overflow: hidden">
               <img class="main-image" src="https://thumbnail8.coupangcdn.com/thumbnails/remote/292x292q65ex/image/vendor_inventory/5b2e/f19a1fbc53f4ccd61af4185011d35b0f4e7de117d3988bb448dd4b525476.png" style="vertical-align: top; height: 100%; object-fit: contain;border-radius: 0px 0px 0px 0px;"/>
              </div>
              <div style="-webkit-line-clamp: 2; overflow: hidden; display: -webkit-box!important; -webkit-box-orient: vertical; width: 100%;; margin: 0px 0px 4px 0px">
               <span class="product-title" style="font-size: 14px; font-weight: normal; color: rgba(33, 43, 54, 1); word-break: break-all; vertical-align: middle">
                닭가슴살 냉동 냉장 1kg헬스 통가슴살 1kg, 15개
               </span>
              </div>
              <div style="display: flex; flex-direction: row; -webkit-box-sizing: border-box; min-width: fit-content; width: fit-content; margin: 0px 0px 4px 0px; align-items: center">
               <div style="-webkit-line-clamp: 1; overflow: hidden; display: -webkit-box!important; -webkit-box-orient: vertical; min-width: fit-content; width: fit-content; margin: 0px 4px 0px 0px">
                <span style="font-size: 14px; font-weight: bold; color: rgba(203, 20, 0, 1); word-break: break-all; vertical-align: middle">
                 92,720원
                </span>
               </div>
              </div>
              <div style="display: flex; flex-direction: column; min-width: fit-content; width: fit-content; margin: 0px 0px 4px 0px">
              </div>
              <div style="display: flex; flex-direction: row; -webkit-box-sizing: border-box; min-width: fit-content; width: fit-content">
              </div>
              <div style="display: flex; flex-direction: row; -webkit-box-sizing: border-box; min-width: fit-content; width: fit-content; align-items: flex-end">
               <div style="display: flex; min-width: fit-content; width: fit-content; height: 13px; min-height: 13px; margin: 0px 2px 0px 0px">
                <span style="display: block; background-image: url(//static.coupangcdn.com/image/cmg/common/rating-star/RDS.png); background-repeat: no-repeat; width: 60px; height: 12px; background-size: 60px 24px; background-position: 0 -12px">
                 <em style="display: block; background-image: url(//static.coupangcdn.com/image/cmg/common/rating-star/RDS.png); background-repeat: no-repeat; width: 100%; height: 12px; background-size: 60px 24px; background-position: 0 0">
                 </em>
                </span>
               </div>
               <div style="-webkit-line-clamp: 1; overflow: hidden; display: -webkit-box!important; -webkit-box-orient: vertical; min-width: fit-content; width: fit-content">
                <span style="font-size: 12px; font-weight: normal; color: rgba(118, 134, 149, 1); word-break: break-all; vertical-align: middle">
                 (142)
                </span>
               </div>
              </div>
             </div>
             <div style="display: flex; flex-direction: column; width: 1px; min-width: 1px; align-self: stretch; margin: 0px 0px 16px 0px; background-color: rgba(238, 238, 238, 1)">
             </div>
            </div>
            <div style="display: flex; flex-direction: row; -webkit-box-sizing: border-box; min-width: fit-content; width: fit-content">
             <div class="cmg-dco-carousel-item cmg-dco-carousel-product" data-adsplatform='{"viewImpression": "https://mercury.coupang.com/e.gif?r=by13jexFf_9HbB9Pb6ZhNauAQRlaGJd3hMWE66IGjcjn-WmAqiJrhDmjsae5OunIXZ_2lUSYkv3640nyRQfSpiBQlp_6OYfbtJjSCwuIYkwrZCwWCoM_V1FjIR4nJkkAwOvq0K84MOEdUT0rK0nLUZPiuOjsn3D5A2TXvcrUsvRA6UuAfweH5cRH05pHhXfufEgiQdNH37A8P3aAZnnbGlOtj6lgKwh_1LqQ_SMyynBgviMUvPGR4wyfQSdk9u1RrC8d16aA0_fyb_hA-uqOnWoblZxJ9CreM3ZyhrsRUVbkAYCSi44JQha1pg_txMWcljToIa5Re7dyKUgSLvGwis-_DKJNpDiDiLKrK1vHwN_ulP34dQQhb_QaXQ7xdGHLp_Nl9j1uS5msAZAQ47x4sMecscekMGUelNEFSvsomk0N8ZOLYSInewlULNkLp01J6tXQIdUH5wtY2OmltbPVXhRnI5ar3rq9Rz5y4Qmuwr_ucarHEKGZTU97J7QtX5iAGITpI9ijLtLIeyVGlNUT9JR_ojs2XdGz9hkqSP4zk8C1Z96-r7VF93tAWwrMsODQjU3J-_EJcr714dI%3D%7Ef_cA7Z7Gn9fIy4i0f2m88sXsVLAKXTdnaXT6AqZ03SJt_J3n3y7Wg_2MSbe4F6INkuZJUu1ZwSlLRanltWOX6rjcluQvxbkV1Rz3OWRI7fLsoft2YjTqDrB5_2m5QjoWGTx3q-IrdDGVgqtZ1udFAdVITR27gPqD5Ioyq9EtRx5XCTUgGdbhJ2A_JAN9IJZuy89aU8ZMOyiAnkoa6ybv1uqLehczI5Ua10s5JNmfSVp-2v-Ih-SrH2GeVtJej5DEAiDFuHbwriG7rET1xNjjxMUbKCnjBQnqTlvlwAeGGXvoEoANe57AzDKqGKR6jkI7fiozSsIw7grQgLKF5pUoBmD6c_cbecYvTF9qH_YosdCIJuPUKlj3lO327O7VhVcWxW05DjvBoK0LvELQ9RqKgMlCYIU3wQjhMD-lLyM%3D%7EyZhL9kvHcNycJyZTyaV-x6cqubHRrrquhAFemU_hR7SC4BSjUVVFkm63T0XdGZ0iBMbygIiObL-B&amp;templateId=3880"}' style="display: flex; flex-direction: column; width: 124px; min-width: 124px; margin: 0px 12px 16px 12px">
              <div style="width: 124px; min-width: 124px; height: 124px; min-height: 124px; margin: 0px 0px 8px 0px; overflow: hidden">
               <img class="main-image" src="https://thumbnail9.coupangcdn.com/thumbnails/remote/292x292q65ex/image/vendor_inventory/80fc/d1610b19a843a19d167285ff9a459e1d175b35789b54ba4f3b989c44e520.png" style="vertical-align: top; height: 100%; object-fit: contain;border-radius: 0px 0px 0px 0px;"/>
              </div>
              <div style="-webkit-line-clamp: 100; overflow: hidden; display: -webkit-box!important; -webkit-box-orient: vertical; min-width: fit-content; width: fit-content; padding: 0px 0px 6px 0px">
               <span style="font-size: 12px; font-weight: bold; color: rgba(99, 115, 129, 1); word-break: break-all; vertical-align: middle">
                무료배송
               </span>
              </div>
              <div style="-webkit-line-clamp: 2; overflow: hidden; display: -webkit-box!important; -webkit-box-orient: vertical; width: 100%;; margin: 0px 0px 4px 0px">
               <span class="product-title" style="font-size: 14px; font-weight: normal; color: rgba(33, 43, 54, 1); word-break: break-all; vertical-align: middle">
                [열두닭] 오븐으로만 조리한 닭가슴살 오리지널 훈제맛, 100g, 50개
               </span>
              </div>
              <div style="display: flex; flex-direction: row; -webkit-box-sizing: border-box; min-width: fit-content; width: fit-content; margin: 0px 0px 4px 0px; align-items: center">
               <div style="-webkit-line-clamp: 1; overflow: hidden; display: -webkit-box!important; -webkit-box-orient: vertical; min-width: fit-content; width: fit-content; margin: 0px 4px 0px 0px">
                <span style="font-size: 14px; font-weight: bold; color: rgba(203, 20, 0, 1); word-break: break-all; vertical-align: middle">
                 68,250원
                </span>
               </div>
              </div>
              <div style="display: flex; flex-direction: column; min-width: fit-content; width: fit-content; margin: 0px 0px 4px 0px">
              </div>
              <div style="display: flex; flex-direction: row; -webkit-box-sizing: border-box; min-width: fit-content; width: fit-content">
              </div>
              <div style="display: flex; flex-direction: row; -webkit-box-sizing: border-box; min-width: fit-content; width: fit-content; align-items: flex-end">
               <div style="display: flex; min-width: fit-content; width: fit-content; height: 13px; min-height: 13px; margin: 0px 2px 0px 0px">
                <span style="display: block; background-image: url(//static.coupangcdn.com/image/cmg/common/rating-star/RDS.png); background-repeat: no-repeat; width: 60px; height: 12px; background-size: 60px 24px; background-position: 0 -12px">
                 <em style="display: block; background-image: url(//static.coupangcdn.com/image/cmg/common/rating-star/RDS.png); background-repeat: no-repeat; width: 90%; height: 12px; background-size: 60px 24px; background-position: 0 0">
                 </em>
                </span>
               </div>
               <div style="-webkit-line-clamp: 1; overflow: hidden; display: -webkit-box!important; -webkit-box-orient: vertical; min-width: fit-content; width: fit-content">
                <span style="font-size: 12px; font-weight: normal; color: rgba(118, 134, 149, 1); word-break: break-all; vertical-align: middle">
                 (290)
                </span>
               </div>
              </div>
             </div>
             <div style="display: flex; flex-direction: column; width: 1px; min-width: 1px; align-self: stretch; margin: 0px 0px 16px 0px; background-color: rgba(238, 238, 238, 1)">
             </div>
            </div>
            <div style="display: flex; flex-direction: row; -webkit-box-sizing: border-box; min-width: fit-content; width: fit-content">
             <div class="cmg-dco-carousel-item cmg-dco-carousel-product" data-adsplatform='{"viewImpression": "https://mercury.coupang.com/e.gif?r=by13jexFf_9HbB9Pb6ZhNauAQRlaGJd3hMWE66IGjcjn-WmAqiJrhDmjsae5OunIXZ_2lUSYkv3640nyRQfSpiBQlp_6OYfbtJjSCwuIYkwrZCwWCoM_V1FjIR4nJkkAwOvq0K84MOEdUT0rK0nLUZPiuOjsn3D5A2TXvcrUsvRA6UuAfweH5cRH05pHhXfufEgiQdNH37A8P3aAZnnbGlOtj6lgKwh_1LqQ_SMyynBgviMUvPGR4wyfQSdk9u1RrC8d16aA0_fyb_hA-uqOnWoblZxJ9CreM3ZyhrsRUVbkAYCSi44JQha1pg_txMWcljToIa5Re7dyKUgSLvGwis-_DKJNpDiDiLKrK1vHwN_ulP34dQQhb_QaXQ7xdGHLp_Nl9j1uS5msAZAQ47x4sMecscekMGUelNEFSvsomk0N8ZOLYSInewlULNkLp01J6tXQIdUH5wtY2OmltbPVXhRnI5ar3rq9Rz5y4Qmuwr_ucarHEKGZTU97J7QtX5iAGITpI9ijLtLIeyVGlNUT9JR_ojs2XdGz9hkqSP4zk8C1Z96-r7VF93tAWwrMsODQjU3J-_EJcr714dI%3D%7EatYh8XaXhc-ZTBGIarg4GuuqFPwmX6BL2ne1NakcIz89Co5J-z-KPH6O9T4goQvYdGNnnCXX7N69l2f4va76HYIP8ggZjQ-xi2qNuOVUJ6F4k6xFbP-cULenpvPklLI5zK5JUk0buh4-X0sX6vHRGIwVdBRHQxU41RKXcolLxb31MtvieYxyJIsP2ujSEeqDqxaTiOX7ntZDHldYYS8I7XLY4XoqOkO29KeGG7Fqnk1hBMPgorG4zQPWCiWVCr_I_giTBHfmNXUR-PjL65UI3t9VFL7C_t0rStqNW7YB8kI_eCjBH-7_fVuu5lm8MMylcBtzychMOuBRbhCFbBHXL0TVZvYLqZG7tMtdmtmQAgdeLBsy-M5saVyJ5f8OtLMdkqAmH1H_YkDiaof8OF90JVJ3hGZS7DUvlQ1rTrtiCg%3D%3D%7EyZhL9kvHcNycJyZTyaV-x6cqubHRrrquhAFemU_hR7SC4BSjUVVFkm63T0XdGZ0iBMbygIiObL-B&amp;templateId=3880"}' style="display: flex; flex-direction: column; width: 124px; min-width: 124px; margin: 0px 12px 16px 12px">
              <div style="width: 124px; min-width: 124px; height: 124px; min-height: 124px; margin: 0px 0px 8px 0px; overflow: hidden">
               <img class="main-image" src="https://thumbnail3.coupangcdn.com/thumbnails/remote/292x292q65ex/image/vendor_inventory/fab0/e991dcaab43d30addbb50d8451c2e937d280e076171a51bd07d4d9fe9775.jpg" style="vertical-align: top; height: 100%; object-fit: contain;border-radius: 0px 0px 0px 0px;"/>
              </div>
              <div style="-webkit-line-clamp: 100; overflow: hidden; display: -webkit-box!important; -webkit-box-orient: vertical; min-width: fit-content; width: fit-content; padding: 0px 0px 6px 0px">
               <span style="font-size: 12px; font-weight: bold; color: rgba(99, 115, 129, 1); word-break: break-all; vertical-align: middle">
                무료배송
               </span>
              </div>
              <div style="-webkit-line-clamp: 2; overflow: hidden; display: -webkit-box!important; -webkit-box-orient: vertical; width: 100%;; margin: 0px 0px 4px 0px">
               <span class="product-title" style="font-size: 14px; font-weight: normal; color: rgba(33, 43, 54, 1); word-break: break-all; vertical-align: middle">
                서동 맛에 반했닭 닭가슴살 (통구이마늘4 + 유린기4 + 떡볶이4 + 양념치킨4 + 왕갈비4 / 총 20팩), 20팩, 100g
               </span>
              </div>
              <div style="display: flex; flex-direction: row; -webkit-box-sizing: border-box; min-width: fit-content; width: fit-content; margin: 0px 0px 4px 0px; align-items: center">
               <div style="-webkit-line-clamp: 1; overflow: hidden; display: -webkit-box!important; -webkit-box-orient: vertical; min-width: fit-content; width: fit-content; margin: 0px 4px 0px 0px">
                <span style="font-size: 14px; font-weight: bold; color: rgba(203, 20, 0, 1); word-break: break-all; vertical-align: middle">
                 31,060원
                </span>
               </div>
              </div>
              <div style="display: flex; flex-direction: column; min-width: fit-content; width: fit-content; margin: 0px 0px 4px 0px">
              </div>
              <div style="display: flex; flex-direction: row; -webkit-box-sizing: border-box; min-width: fit-content; width: fit-content">
              </div>
              <div style="display: flex; flex-direction: row; -webkit-box-sizing: border-box; min-width: fit-content; width: fit-content; align-items: flex-end">
               <div style="display: flex; min-width: fit-content; width: fit-content; height: 13px; min-height: 13px; margin: 0px 2px 0px 0px">
                <span style="display: block; background-image: url(//static.coupangcdn.com/image/cmg/common/rating-star/RDS.png); background-repeat: no-repeat; width: 60px; height: 12px; background-size: 60px 24px; background-position: 0 -12px">
                 <em style="display: block; background-image: url(//static.coupangcdn.com/image/cmg/common/rating-star/RDS.png); background-repeat: no-repeat; width: 90%; height: 12px; background-size: 60px 24px; background-position: 0 0">
                 </em>
                </span>
               </div>
               <div style="-webkit-line-clamp: 1; overflow: hidden; display: -webkit-box!important; -webkit-box-orient: vertical; min-width: fit-content; width: fit-content">
                <span style="font-size: 12px; font-weight: normal; color: rgba(118, 134, 149, 1); word-break: break-all; vertical-align: middle">
                 (340)
                </span>
               </div>
              </div>
             </div>
             <div style="display: flex; flex-direction: column; width: 1px; min-width: 1px; align-self: stretch; margin: 0px 0px 16px 0px; background-color: rgba(238, 238, 238, 1)">
             </div>
            </div>
            <div style="display: flex; flex-direction: row; -webkit-box-sizing: border-box; min-width: fit-content; width: fit-content">
             <div class="cmg-dco-carousel-item cmg-dco-carousel-product" data-adsplatform='{"viewImpression": "https://mercury.coupang.com/e.gif?r=by13jexFf_9HbB9Pb6ZhNauAQRlaGJd3hMWE66IGjcjn-WmAqiJrhDmjsae5OunIXZ_2lUSYkv3640nyRQfSpiBQlp_6OYfbtJjSCwuIYkwrZCwWCoM_V1FjIR4nJkkAwOvq0K84MOEdUT0rK0nLUZPiuOjsn3D5A2TXvcrUsvRA6UuAfweH5cRH05pHhXfufEgiQdNH37A8P3aAZnnbGlOtj6lgKwh_1LqQ_SMyynBgviMUvPGR4wyfQSdk9u1RrC8d16aA0_fyb_hA-uqOnWoblZxJ9CreM3ZyhrsRUVbkAYCSi44JQha1pg_txMWcljToIa5Re7dyKUgSLvGwis-_DKJNpDiDiLKrK1vHwN_ulP34dQQhb_QaXQ7xdGHLp_Nl9j1uS5msAZAQ47x4sMecscekMGUelNEFSvsomk0N8ZOLYSInewlULNkLp01J6tXQIdUH5wtY2OmltbPVXhRnI5ar3rq9Rz5y4Qmuwr_ucarHEKGZTU97J7QtX5iAGITpI9ijLtLIeyVGlNUT9JR_ojs2XdGz9hkqSP4zk8C1Z96-r7VF93tAWwrMsODQjU3J-_EJcr714dI%3D%7Exz_r-eNmNIhREMEkx-ESnVYdkVn1n5-yiGCKdRuUqDuL0awolcOwwBcbQH4PqgA-8n3URkJbZrt9todLQJ1ssaAsU_R6eFn0l_41BI4VnrgZyPKpyZRJV-_GVsFN6dmSBB5pmcWKsZkLj6TIlIvQGnm5cFG4K3cgZQDXUrDWUiobTV0npbQB3_56DhFwDpuI_OSXFLwaP9Xh06yoSdQL2lPqitL8so_Ce8GSsDje-VitfWN3tIlQi9Wfeq0oxEkm6wfzas89oyui24HY-MyMtiwaCAG25IpBEZZaP7l9cmeMW3lVtV6CeSuOxNcw5ABDD_SJFqHkI3si-BBG8b-c29j3Xb5dNYnsm5lqwVRi55fIXnS1XFkKeqXctf6drT5g4DdgAdVTYrJ1b9x5QCVWbeiAkXrb7jPYgdk4%7EyZhL9kvHcNycJyZTyaV-x6cqubHRrrquhAFemU_hR7SC4BSjUVVFkm63T0XdGZ0iBMbygIiObL-B&amp;templateId=3880"}' style="display: flex; flex-direction: column; width: 124px; min-width: 124px; margin: 0px 12px 16px 12px">
              <div style="width: 124px; min-width: 124px; height: 124px; min-height: 124px; margin: 0px 0px 8px 0px; overflow: hidden">
               <img class="main-image" src="https://thumbnail9.coupangcdn.com/thumbnails/remote/292x292q65ex/image/vendor_inventory/8202/48a380b5957e3d985a5c3dff5ab93e26594a0740f6e593900cdf84058fa9.jpg" style="vertical-align: top; height: 100%; object-fit: contain;border-radius: 0px 0px 0px 0px;"/>
              </div>
              <div style="-webkit-line-clamp: 100; overflow: hidden; display: -webkit-box!important; -webkit-box-orient: vertical; min-width: fit-content; width: fit-content; padding: 0px 0px 6px 0px">
               <span style="font-size: 12px; font-weight: bold; color: rgba(99, 115, 129, 1); word-break: break-all; vertical-align: middle">
                무료배송
               </span>
              </div>
              <div style="-webkit-line-clamp: 2; overflow: hidden; display: -webkit-box!important; -webkit-box-orient: vertical; width: 100%;; margin: 0px 0px 4px 0px">
               <span class="product-title" style="font-size: 14px; font-weight: normal; color: rgba(33, 43, 54, 1); word-break: break-all; vertical-align: middle">
                홀리닭 바로먹는 실온 닭가슴살 5종 혼합, 12세트
               </span>
              </div>
              <div style="display: flex; flex-direction: row; -webkit-box-sizing: border-box; min-width: fit-content; width: fit-content; margin: 0px 0px 4px 0px; align-items: center">
               <div style="-webkit-line-clamp: 1; overflow: hidden; display: -webkit-box!important; -webkit-box-orient: vertical; min-width: fit-content; width: fit-content; margin: 0px 4px 0px 0px">
                <span style="font-size: 14px; font-weight: bold; color: rgba(203, 20, 0, 1); word-break: break-all; vertical-align: middle">
                 124,000원
                </span>
               </div>
              </div>
              <div style="display: flex; flex-direction: column; min-width: fit-content; width: fit-content; margin: 0px 0px 4px 0px">
              </div>
              <div style="display: flex; flex-direction: row; -webkit-box-sizing: border-box; min-width: fit-content; width: fit-content">
              </div>
              <div style="display: flex; flex-direction: row; -webkit-box-sizing: border-box; min-width: fit-content; width: fit-content; align-items: flex-end">
               <div style="display: flex; min-width: fit-content; width: fit-content; height: 13px; min-height: 13px; margin: 0px 2px 0px 0px">
                <span style="display: block; background-image: url(//static.coupangcdn.com/image/cmg/common/rating-star/RDS.png); background-repeat: no-repeat; width: 60px; height: 12px; background-size: 60px 24px; background-position: 0 -12px">
                 <em style="display: block; background-image: url(//static.coupangcdn.com/image/cmg/common/rating-star/RDS.png); background-repeat: no-repeat; width: 90%; height: 12px; background-size: 60px 24px; background-position: 0 0">
                 </em>
                </span>
               </div>
               <div style="-webkit-line-clamp: 1; overflow: hidden; display: -webkit-box!important; -webkit-box-orient: vertical; min-width: fit-content; width: fit-content">
                <span style="font-size: 12px; font-weight: normal; color: rgba(118, 134, 149, 1); word-break: break-all; vertical-align: middle">
                 (1,510)
                </span>
               </div>
              </div>
             </div>
             <div style="display: flex; flex-direction: column; width: 1px; min-width: 1px; align-self: stretch; margin: 0px 0px 16px 0px; background-color: rgba(238, 238, 238, 1)">
             </div>
            </div>
            <div style="display: flex; flex-direction: row; -webkit-box-sizing: border-box; min-width: fit-content; width: fit-content">
             <div class="cmg-dco-carousel-item cmg-dco-carousel-product" data-adsplatform='{"viewImpression": "https://mercury.coupang.com/e.gif?r=by13jexFf_9HbB9Pb6ZhNauAQRlaGJd3hMWE66IGjcjn-WmAqiJrhDmjsae5OunIXZ_2lUSYkv3640nyRQfSpiBQlp_6OYfbtJjSCwuIYkwrZCwWCoM_V1FjIR4nJkkAwOvq0K84MOEdUT0rK0nLUZPiuOjsn3D5A2TXvcrUsvRA6UuAfweH5cRH05pHhXfufEgiQdNH37A8P3aAZnnbGlOtj6lgKwh_1LqQ_SMyynBgviMUvPGR4wyfQSdk9u1RrC8d16aA0_fyb_hA-uqOnWoblZxJ9CreM3ZyhrsRUVbkAYCSi44JQha1pg_txMWcljToIa5Re7dyKUgSLvGwis-_DKJNpDiDiLKrK1vHwN_ulP34dQQhb_QaXQ7xdGHLp_Nl9j1uS5msAZAQ47x4sMecscekMGUelNEFSvsomk0N8ZOLYSInewlULNkLp01J6tXQIdUH5wtY2OmltbPVXhRnI5ar3rq9Rz5y4Qmuwr_ucarHEKGZTU97J7QtX5iAGITpI9ijLtLIeyVGlNUT9JR_ojs2XdGz9hkqSP4zk8C1Z96-r7VF93tAWwrMsODQjU3J-_EJcr714dI%3D%7EO3veek0spO2Q4eGCOxJgEa_XJJuS2T8xwQoaRvcCOWMZ3uQZoIX5X56c0bgE7EoMSkZ_7mY5NCod42ABU2iuHxp7pAYLZ20fZeKqhjQPToeM1A7fzp40qCOG5GUB8TGiv8TetClUBUWbm4M1K2T-3RXUPZJE0P1GRup9MCV4oOu8DctTKX5uyxgkd3byuRLFjycj45TkBnrm44g8cB6p-SW4MH0pZGrg7wWaJotCJnGAs3USRbNOghguNpW95UHoLQIvl2IgrUIfclSLj15xCyRqGEqew1vkiZIDKR6goTCqw6cv2c2lLuAl9yriW56Q_Qa23S7pV6kTP6SMUlc8lqCWemtq0CeUHAvNd56JtcNoWe_zPgRiCzrYZovHjRO7G93KxuKVrZ8ONppCfuu5ChYMd1HLiUfibrSquA%3D%3D%7EyZhL9kvHcNycJyZTyaV-x6cqubHRrrquhAFemU_hR7SC4BSjUVVFkm63T0XdGZ0iBMbygIiObL-B&amp;templateId=3880"}' style="display: flex; flex-direction: column; width: 124px; min-width: 124px; margin: 0px 12px 16px 12px">
              <div style="width: 124px; min-width: 124px; height: 124px; min-height: 124px; margin: 0px 0px 8px 0px; overflow: hidden">
               <img class="main-image" src="https://thumbnail1.coupangcdn.com/thumbnails/remote/292x292q65ex/image/vendor_inventory/b997/f20ff49d296e275a2aef18f0f02c784c10bd3b3619ea8d5697b6aea290c6.jpg" style="vertical-align: top; height: 100%; object-fit: contain;border-radius: 0px 0px 0px 0px;"/>
              </div>
              <div style="-webkit-line-clamp: 100; overflow: hidden; display: -webkit-box!important; -webkit-box-orient: vertical; min-width: fit-content; width: fit-content; padding: 0px 0px 6px 0px">
               <span style="font-size: 12px; font-weight: bold; color: rgba(99, 115, 129, 1); word-break: break-all; vertical-align: middle">
                무료배송
               </span>
              </div>
              <div style="-webkit-line-clamp: 2; overflow: hidden; display: -webkit-box!important; -webkit-box-orient: vertical; width: 100%;; margin: 0px 0px 4px 0px">
               <span class="product-title" style="font-size: 14px; font-weight: normal; color: rgba(33, 43, 54, 1); word-break: break-all; vertical-align: middle">
                [랭킹닭컴] 잇메이트 스팀 닭가슴살 4종 혼합, 100g, 1세트
               </span>
              </div>
              <div style="display: flex; flex-direction: row; -webkit-box-sizing: border-box; min-width: fit-content; width: fit-content; margin: 0px 0px 4px 0px; align-items: center">
               <div style="-webkit-line-clamp: 1; overflow: hidden; display: -webkit-box!important; -webkit-box-orient: vertical; min-width: fit-content; width: fit-content; margin: 0px 4px 0px 0px">
                <span style="font-size: 14px; font-weight: bold; color: rgba(203, 20, 0, 1); word-break: break-all; vertical-align: middle">
                 43,200원
                </span>
               </div>
              </div>
              <div style="display: flex; flex-direction: column; min-width: fit-content; width: fit-content; margin: 0px 0px 4px 0px">
              </div>
              <div style="display: flex; flex-direction: row; -webkit-box-sizing: border-box; min-width: fit-content; width: fit-content">
              </div>
              <div style="display: flex; flex-direction: row; -webkit-box-sizing: border-box; min-width: fit-content; width: fit-content; align-items: flex-end">
               <div style="display: flex; min-width: fit-content; width: fit-content; height: 13px; min-height: 13px; margin: 0px 2px 0px 0px">
                <span style="display: block; background-image: url(//static.coupangcdn.com/image/cmg/common/rating-star/RDS.png); background-repeat: no-repeat; width: 60px; height: 12px; background-size: 60px 24px; background-position: 0 -12px">
                 <em style="display: block; background-image: url(//static.coupangcdn.com/image/cmg/common/rating-star/RDS.png); background-repeat: no-repeat; width: 100%; height: 12px; background-size: 60px 24px; background-position: 0 0">
                 </em>
                </span>
               </div>
               <div style="-webkit-line-clamp: 1; overflow: hidden; display: -webkit-box!important; -webkit-box-orient: vertical; min-width: fit-content; width: fit-content">
                <span style="font-size: 12px; font-weight: normal; color: rgba(118, 134, 149, 1); word-break: break-all; vertical-align: middle">
                 (9,999+)
                </span>
               </div>
              </div>
             </div>
             <div style="display: flex; flex-direction: column; width: 1px; min-width: 1px; align-self: stretch; margin: 0px 0px 16px 0px; background-color: rgba(238, 238, 238, 1)">
             </div>
            </div>
            <div style="display: flex; flex-direction: row; -webkit-box-sizing: border-box; min-width: fit-content; width: fit-content">
             <div class="cmg-dco-carousel-item cmg-dco-carousel-product" data-adsplatform='{"viewImpression": "https://mercury.coupang.com/e.gif?r=by13jexFf_9HbB9Pb6ZhNauAQRlaGJd3hMWE66IGjcjn-WmAqiJrhDmjsae5OunIXZ_2lUSYkv3640nyRQfSpiBQlp_6OYfbtJjSCwuIYkwrZCwWCoM_V1FjIR4nJkkAwOvq0K84MOEdUT0rK0nLUZPiuOjsn3D5A2TXvcrUsvRA6UuAfweH5cRH05pHhXfufEgiQdNH37A8P3aAZnnbGlOtj6lgKwh_1LqQ_SMyynBgviMUvPGR4wyfQSdk9u1RrC8d16aA0_fyb_hA-uqOnWoblZxJ9CreM3ZyhrsRUVbkAYCSi44JQha1pg_txMWcljToIa5Re7dyKUgSLvGwis-_DKJNpDiDiLKrK1vHwN_ulP34dQQhb_QaXQ7xdGHLp_Nl9j1uS5msAZAQ47x4sMecscekMGUelNEFSvsomk0N8ZOLYSInewlULNkLp01J6tXQIdUH5wtY2OmltbPVXhRnI5ar3rq9Rz5y4Qmuwr_ucarHEKGZTU97J7QtX5iAGITpI9ijLtLIeyVGlNUT9JR_ojs2XdGz9hkqSP4zk8C1Z96-r7VF93tAWwrMsODQjU3J-_EJcr714dI%3D%7E8oRE0D939NFwEI9f8r4mhyvS_RT0r_qnmt6ECOrbwSy1713EbQKtB1PqJS95JK1G_KdtT9clJO_W9naibC5FytFZKUyqTz2tg3EbP_KxPh8JvMQBqZ8Bp0MIhWCVFqMvwLqH9zzFcZsfc86gjQTliL5EM0w370QYYNcbnttfBOJCYmrmz1VaPPili5y9cFRZ_xrG5z8m_CiSsXNAUITTVPhK46GDOkT2XjzIEeThHdc88bw5SHImZ7rbrA-TvInzfVGeZ9AkZP7uIDVy1UwPIsNOEm3mH1n2kuKQMdswQLIAI0NEeZpBYAGNdWq4NT23fjIZ6mVBltbZyH05MjY6q1H7CPu3SSZOygTPCEv2n0YdlM3PN9tkaVYjNFtzqONqddLZ_oKHTHVWl0oVjYJvY_8-kOvviPYPIAhJZF4%3D%7EyZhL9kvHcNycJyZTyaV-x6cqubHRrrquhAFemU_hR7SC4BSjUVVFkm63T0XdGZ0iBMbygIiObL-B&amp;templateId=3880"}' style="display: flex; flex-direction: column; width: 124px; min-width: 124px; margin: 0px 12px 16px 12px">
              <div style="width: 124px; min-width: 124px; height: 124px; min-height: 124px; margin: 0px 0px 8px 0px; overflow: hidden">
               <img class="main-image" src="https://thumbnail15.coupangcdn.com/thumbnails/remote/292x292q65ex/image/vendor_inventory/95e9/3ea5f1ee3c1591599d834d628128419d4da2305ad1d572aa1b0d5887a4d5.jpg" style="vertical-align: top; height: 100%; object-fit: contain;border-radius: 0px 0px 0px 0px;"/>
              </div>
              <div style="-webkit-line-clamp: 100; overflow: hidden; display: -webkit-box!important; -webkit-box-orient: vertical; min-width: fit-content; width: fit-content; padding: 0px 0px 6px 0px">
               <span style="font-size: 12px; font-weight: bold; color: rgba(99, 115, 129, 1); word-break: break-all; vertical-align: middle">
                무료배송
               </span>
              </div>
              <div style="-webkit-line-clamp: 2; overflow: hidden; display: -webkit-box!important; -webkit-box-orient: vertical; width: 100%;; margin: 0px 0px 4px 0px">
               <span class="product-title" style="font-size: 14px; font-weight: normal; color: rgba(33, 43, 54, 1); word-break: break-all; vertical-align: middle">
                킹닭 스팀허브 닭가슴살 100g x 50팩 냉동 닭가슴살 스팀 닭가슴살 스테이크, 50개
               </span>
              </div>
              <div style="display: flex; flex-direction: row; -webkit-box-sizing: border-box; min-width: fit-content; width: fit-content; margin: 0px 0px 4px 0px; align-items: center">
               <div style="-webkit-line-clamp: 1; overflow: hidden; display: -webkit-box!important; -webkit-box-orient: vertical; min-width: fit-content; width: fit-content; margin: 0px 4px 0px 0px">
                <span style="font-size: 14px; font-weight: bold; color: rgba(203, 20, 0, 1); word-break: break-all; vertical-align: middle">
                 89,900원
                </span>
               </div>
              </div>
              <div style="display: flex; flex-direction: column; min-width: fit-content; width: fit-content; margin: 0px 0px 4px 0px">
              </div>
              <div style="display: flex; flex-direction: row; -webkit-box-sizing: border-box; min-width: fit-content; width: fit-content">
              </div>
              <div style="display: flex; flex-direction: row; -webkit-box-sizing: border-box; min-width: fit-content; width: fit-content; align-items: flex-end">
               <div style="display: flex; min-width: fit-content; width: fit-content; height: 13px; min-height: 13px; margin: 0px 2px 0px 0px">
                <span style="display: block; background-image: url(//static.coupangcdn.com/image/cmg/common/rating-star/RDS.png); background-repeat: no-repeat; width: 60px; height: 12px; background-size: 60px 24px; background-position: 0 -12px">
                 <em style="display: block; background-image: url(//static.coupangcdn.com/image/cmg/common/rating-star/RDS.png); background-repeat: no-repeat; width: 90%; height: 12px; background-size: 60px 24px; background-position: 0 0">
                 </em>
                </span>
               </div>
               <div style="-webkit-line-clamp: 1; overflow: hidden; display: -webkit-box!important; -webkit-box-orient: vertical; min-width: fit-content; width: fit-content">
                <span style="font-size: 12px; font-weight: normal; color: rgba(118, 134, 149, 1); word-break: break-all; vertical-align: middle">
                 (1,454)
                </span>
               </div>
              </div>
             </div>
             <div style="display: flex; flex-direction: column; width: 1px; min-width: 1px; align-self: stretch; margin: 0px 0px 16px 0px; background-color: rgba(238, 238, 238, 1)">
             </div>
            </div>
            <div style="display: flex; flex-direction: row; -webkit-box-sizing: border-box; min-width: fit-content; width: fit-content">
             <div class="cmg-dco-carousel-item cmg-dco-carousel-product" data-adsplatform='{"viewImpression": "https://mercury.coupang.com/e.gif?r=by13jexFf_9HbB9Pb6ZhNauAQRlaGJd3hMWE66IGjcjn-WmAqiJrhDmjsae5OunIXZ_2lUSYkv3640nyRQfSpiBQlp_6OYfbtJjSCwuIYkwrZCwWCoM_V1FjIR4nJkkAwOvq0K84MOEdUT0rK0nLUZPiuOjsn3D5A2TXvcrUsvRA6UuAfweH5cRH05pHhXfufEgiQdNH37A8P3aAZnnbGlOtj6lgKwh_1LqQ_SMyynBgviMUvPGR4wyfQSdk9u1RrC8d16aA0_fyb_hA-uqOnWoblZxJ9CreM3ZyhrsRUVbkAYCSi44JQha1pg_txMWcljToIa5Re7dyKUgSLvGwis-_DKJNpDiDiLKrK1vHwN_ulP34dQQhb_QaXQ7xdGHLp_Nl9j1uS5msAZAQ47x4sMecscekMGUelNEFSvsomk0N8ZOLYSInewlULNkLp01J6tXQIdUH5wtY2OmltbPVXhRnI5ar3rq9Rz5y4Qmuwr_ucarHEKGZTU97J7QtX5iAGITpI9ijLtLIeyVGlNUT9JR_ojs2XdGz9hkqSP4zk8C1Z96-r7VF93tAWwrMsODQjU3J-_EJcr714dI%3D%7Ek2udmZNF3uF_ACs7k1j3BfuEjfr5HqFztJCUAiA0E5U3UwytC9TFb4--g4zfoUWIbXGGfCog5EeLkvMcwSTzbK8hzNvaCnmEnFPc63RaQtFUlMAw9C164IFiP1RftP9hqa3drbZ6QnEHTa5e42Sr8oDKHGQr2NZBvxMEbtP-1M5qeAqjpiMMH98JSse7M1xu1PdmOBvinDAZdk6sG51HvCCeWON-zdaQz-oCf29US7r8ivjNiPURdDRU__0-Mvb09J0VuUdq1dDccskrNuD6uI-oUr57_6kENh96YGcpjSw6hzkPoG1cFCEJ1RtXLY1rq5aoeXkUjVV1Fjmr6e93mTVIyil2TSqZCewkZynqYn5gAGAXfYUdhE3LxggkMHizZTZu72ArzozuiZn_bYhhjW_UW0s3GwNu8NvhPec%3D%7EyZhL9kvHcNycJyZTyaV-x6cqubHRrrquhAFemU_hR7SC4BSjUVVFkm63T0XdGZ0iBMbygIiObL-B&amp;templateId=3880"}' style="display: flex; flex-direction: column; width: 124px; min-width: 124px; margin: 0px 12px 16px 12px">
              <div style="width: 124px; min-width: 124px; height: 124px; min-height: 124px; margin: 0px 0px 8px 0px; overflow: hidden">
               <img class="main-image" src="https://thumbnail13.coupangcdn.com/thumbnails/remote/292x292q65ex/image/vendor_inventory/8782/d5161a045970386799f1e604988dcbaa0f977b5058db7025dd98bddf912b.png" style="vertical-align: top; height: 100%; object-fit: contain;border-radius: 0px 0px 0px 0px;"/>
              </div>
              <div style="-webkit-line-clamp: 100; overflow: hidden; display: -webkit-box!important; -webkit-box-orient: vertical; min-width: fit-content; width: fit-content; padding: 0px 0px 6px 0px">
               <span style="font-size: 12px; font-weight: bold; color: rgba(99, 115, 129, 1); word-break: break-all; vertical-align: middle">
                무료배송
               </span>
              </div>
              <div style="-webkit-line-clamp: 2; overflow: hidden; display: -webkit-box!important; -webkit-box-orient: vertical; width: 100%;; margin: 0px 0px 4px 0px">
               <span class="product-title" style="font-size: 14px; font-weight: normal; color: rgba(33, 43, 54, 1); word-break: break-all; vertical-align: middle">
                치킨마켓 국내산 냉동 생닭가슴살10kg(1kg X 10팩), 1kg, 10개
               </span>
              </div>
              <div style="display: flex; flex-direction: row; -webkit-box-sizing: border-box; min-width: fit-content; width: fit-content; margin: 0px 0px 4px 0px; align-items: center">
               <div style="-webkit-line-clamp: 1; overflow: hidden; display: -webkit-box!important; -webkit-box-orient: vertical; min-width: fit-content; width: fit-content; margin: 0px 4px 0px 0px">
                <span style="font-size: 14px; font-weight: bold; color: rgba(203, 20, 0, 1); word-break: break-all; vertical-align: middle">
                 52,900원
                </span>
               </div>
              </div>
              <div style="display: flex; flex-direction: column; min-width: fit-content; width: fit-content; margin: 0px 0px 4px 0px">
              </div>
              <div style="display: flex; flex-direction: row; -webkit-box-sizing: border-box; min-width: fit-content; width: fit-content">
              </div>
              <div style="display: flex; flex-direction: row; -webkit-box-sizing: border-box; min-width: fit-content; width: fit-content; align-items: flex-end">
               <div style="display: flex; min-width: fit-content; width: fit-content; height: 13px; min-height: 13px; margin: 0px 2px 0px 0px">
                <span style="display: block; background-image: url(//static.coupangcdn.com/image/cmg/common/rating-star/RDS.png); background-repeat: no-repeat; width: 60px; height: 12px; background-size: 60px 24px; background-position: 0 -12px">
                 <em style="display: block; background-image: url(//static.coupangcdn.com/image/cmg/common/rating-star/RDS.png); background-repeat: no-repeat; width: 100%; height: 12px; background-size: 60px 24px; background-position: 0 0">
                 </em>
                </span>
               </div>
               <div style="-webkit-line-clamp: 1; overflow: hidden; display: -webkit-box!important; -webkit-box-orient: vertical; min-width: fit-content; width: fit-content">
                <span style="font-size: 12px; font-weight: normal; color: rgba(118, 134, 149, 1); word-break: break-all; vertical-align: middle">
                 (265)
                </span>
               </div>
              </div>
             </div>
             <div style="display: flex; flex-direction: column; width: 1px; min-width: 1px; align-self: stretch; margin: 0px 0px 16px 0px; background-color: rgba(238, 238, 238, 1)">
             </div>
            </div>
           </div>
          </div>
         </div>
         <div class="prod-detail-recommend impression-log" data-fodium-widget="desktop/widgets/sdp/AlsoViewedProducts" data-fodium-widget-params='{
         "productId": "227331483",
         "widgetId": "WIDGET_PC_SDP_001",
         "minCount": 5,
         "maxCount": 15
     }' id="prod-detail-recommend">
          <div class="sdp-also-viewed-products-widget" data-wiselog='{
       "trackingTag" : "rmdId=6106b26cd3be41a09ca14b9c125b063e&amp;eventLabel=recommendation_widget_pc_sdp_001&amp;platform=web&amp;rmdValue=p227331483:vt-1.0.0:p227331518,p227331483:vt-1.0.0:p162464612,p227331483:vt-1.0.0:p7118492748,p227331483:vt-coupangchoice-1.0.0:p4729882173,p227331483:vt-1.0.0:p191119084,p227331483:vt-1.0.0:p1539524428,p227331483:vt-1.0.0:p6635960286,p227331483:vt-1.0.0:p1267767150,p227331483:vt-1.0.0:p1628662667,p227331483:vt-1.0.0:p2280983423,p227331483:vt-1.0.0:p7107231958,p227331483:vt-1.0.0:p1634287963,p227331483:vt-1.0.0:p6795965704,p227331483:vt-1.0.0:p6465486466,p227331483:vt-1.0.0:p6947674690",
       "eventAction" : "exposure"
     }'>
           <div class="recommend-widget-header">
            <h2 class="recommend-widget__title">
             다른 고객이 함께 본 상품
            </h2>
            <div class="recommend-widget__page-counter">
             <span>
              <em>
               1
              </em>
              /3
             </span>
            </div>
           </div>
           <div class="recommend-widget__list">
            <ul>
             <li class="recommend-widget__item">
              <a data-index="0" data-wiselog='{
               "trackingTag" : "rmdId=6106b26cd3be41a09ca14b9c125b063e&amp;eventLabel=recommendation_widget_pc_sdp_001&amp;platform=web&amp;rmdValue=p227331483:vt-1.0.0:p227331518",
               "eventAction" : "click"
             }' href="//www.coupang.com/vp/products/227331518?vendorItemId=86341409519&amp;sourceType=SDP_ALSO_VIEWED&amp;searchId=6106b26cd3be41a09ca14b9c125b063e&amp;rmdId=6106b26cd3be41a09ca14b9c125b063e&amp;eventLabel=recommendation_widget_pc_sdp_001&amp;platform=web&amp;rmdValue=p227331483:vt-1.0.0:p227331518" target="_blank" title="하림 IFF 닭 안심살 (냉동), 2kg, 2개">
               <div class="recommend-widget__item__image-wrap">
                <img alt="하림 IFF 닭 안심살 (냉동), 2kg, 2개" class="recommend-widget__item__image" onerror="this.src='https://static.coupangcdn.com/image/coupang/common/no_img_1000_1000.png'" src="//thumbnail9.coupangcdn.com/thumbnails/remote/292x292ex/image/retail/images/23c36b8b-a000-496c-863a-21438a6240706496595031828802760.png"/>
                <span class="recommend-widget__item__quick-view-icon" data-index="0">
                </span>
               </div>
               <strong class="recommend-widget__item__title">
                하림 IFF 닭 안심살 (냉동), 2kg, 2개
               </strong>
               <span class="recommend-widget__item__price">
                <em>
                 35,210
                </em>
                원
               </span>
               <div class="recommend-widget__item__badge-wrap">
                <img alt="" class="recommend-widget__item__badge-wrap__badge type-FALCON_FRESH" src="//image7.coupangcdn.com/image/mobile_app/v3/brandsdp/loyalty/pc/rocket-fresh@2x.png"/>
               </div>
               <div class="recommend-widget__item__unit-price-container">
                <span class="recommend-widget__item__unit-price">
                 (100g당 880원)
                </span>
               </div>
               <div class="recommend-widget__item__review">
                <span class="recommend-widget__item__review-score-bg">
                 <span class="recommend-widget__item__review-score" style="width:100%;">
                  <em>
                   100%
                  </em>
                 </span>
                </span>
                <span class="recommend-widget__item__review-count">
                 (6,266)
                </span>
               </div>
              </a>
             </li>
             <li class="recommend-widget__item">
              <a data-index="1" data-wiselog='{
               "trackingTag" : "rmdId=6106b26cd3be41a09ca14b9c125b063e&amp;eventLabel=recommendation_widget_pc_sdp_001&amp;platform=web&amp;rmdValue=p227331483:vt-1.0.0:p162464612",
               "eventAction" : "click"
             }' href="//www.coupang.com/vp/products/162464612?vendorItemId=70732857872&amp;sourceType=SDP_ALSO_VIEWED&amp;searchId=6106b26cd3be41a09ca14b9c125b063e&amp;rmdId=6106b26cd3be41a09ca14b9c125b063e&amp;eventLabel=recommendation_widget_pc_sdp_001&amp;platform=web&amp;rmdValue=p227331483:vt-1.0.0:p162464612" target="_blank" title="하림 자연실록 무항생제 인증 닭가슴살 (냉장), 400g, 2팩">
               <div class="recommend-widget__item__image-wrap">
                <img alt="하림 자연실록 무항생제 인증 닭가슴살 (냉장), 400g, 2팩" class="recommend-widget__item__image" onerror="this.src='https://static.coupangcdn.com/image/coupang/common/no_img_1000_1000.png'" src="//thumbnail8.coupangcdn.com/thumbnails/remote/292x292ex/image/retail/images/2700689770636960-34c6ca24-d1a5-4a5c-892b-947d5daff14f.jpg"/>
                <span class="recommend-widget__item__quick-view-icon" data-index="1">
                </span>
               </div>
               <strong class="recommend-widget__item__title">
                하림 자연실록 무항생제 인증 닭가슴살 (냉장), 400g, 2팩
               </strong>
               <span class="recommend-widget__item__price">
                <em>
                 11,800
                </em>
                원
               </span>
               <div class="recommend-widget__item__badge-wrap">
                <img alt="" class="recommend-widget__item__badge-wrap__badge type-FALCON_FRESH" src="//image7.coupangcdn.com/image/mobile_app/v3/brandsdp/loyalty/pc/rocket-fresh@2x.png"/>
               </div>
               <div class="recommend-widget__item__unit-price-container">
                <span class="recommend-widget__item__unit-price">
                 (100g당 1,475원)
                </span>
               </div>
               <div class="recommend-widget__item__review">
                <span class="recommend-widget__item__review-score-bg">
                 <span class="recommend-widget__item__review-score" style="width:100%;">
                  <em>
                   100%
                  </em>
                 </span>
                </span>
                <span class="recommend-widget__item__review-count">
                 (54,058)
                </span>
               </div>
              </a>
             </li>
             <li class="recommend-widget__item">
              <a data-index="2" data-wiselog='{
               "trackingTag" : "rmdId=6106b26cd3be41a09ca14b9c125b063e&amp;eventLabel=recommendation_widget_pc_sdp_001&amp;platform=web&amp;rmdValue=p227331483:vt-1.0.0:p7118492748",
               "eventAction" : "click"
             }' href="//www.coupang.com/vp/products/7118492748?vendorItemId=84980884005&amp;sourceType=SDP_ALSO_VIEWED&amp;searchId=6106b26cd3be41a09ca14b9c125b063e&amp;rmdId=6106b26cd3be41a09ca14b9c125b063e&amp;eventLabel=recommendation_widget_pc_sdp_001&amp;platform=web&amp;rmdValue=p227331483:vt-1.0.0:p7118492748" target="_blank" title="한강식품 IQF 무항생제 닭가슴살 (냉동), 1kg, 1개">
               <div class="recommend-widget__item__image-wrap">
                <img alt="한강식품 IQF 무항생제 닭가슴살 (냉동), 1kg, 1개" class="recommend-widget__item__image" onerror="this.src='https://static.coupangcdn.com/image/coupang/common/no_img_1000_1000.png'" src="//thumbnail7.coupangcdn.com/thumbnails/remote/292x292ex/image/retail/images/1619840489558196-cb2cd91e-ec2e-4ce2-9902-30b34a98c78c.jpg"/>
                <span class="recommend-widget__item__quick-view-icon" data-index="2">
                </span>
               </div>
               <strong class="recommend-widget__item__title">
                한강식품 IQF 무항생제 닭가슴살 (냉동), 1kg, 1개
               </strong>
               <span class="recommend-widget__item__price">
                <em>
                 7,990
                </em>
                원
               </span>
               <div class="recommend-widget__item__badge-wrap">
                <img alt="" class="recommend-widget__item__badge-wrap__badge type-FALCON_FRESH" src="//image7.coupangcdn.com/image/mobile_app/v3/brandsdp/loyalty/pc/rocket-fresh@2x.png"/>
               </div>
               <div class="recommend-widget__item__unit-price-container">
                <span class="recommend-widget__item__unit-price">
                 (100g당 799원)
                </span>
               </div>
               <div class="recommend-widget__item__review">
                <span class="recommend-widget__item__review-score-bg">
                 <span class="recommend-widget__item__review-score" style="width:100%;">
                  <em>
                   100%
                  </em>
                 </span>
                </span>
                <span class="recommend-widget__item__review-count">
                 (15,288)
                </span>
               </div>
              </a>
             </li>
             <li class="recommend-widget__item">
              <a data-index="3" data-wiselog='{
               "trackingTag" : "rmdId=6106b26cd3be41a09ca14b9c125b063e&amp;eventLabel=recommendation_widget_pc_sdp_001&amp;platform=web&amp;rmdValue=p227331483:vt-coupangchoice-1.0.0:p4729882173",
               "eventAction" : "click"
             }' href="//www.coupang.com/vp/products/4729882173?vendorItemId=73290136782&amp;sourceType=SDP_ALSO_VIEWED&amp;pickType=COU_PICK&amp;searchId=6106b26cd3be41a09ca14b9c125b063e&amp;rmdId=6106b26cd3be41a09ca14b9c125b063e&amp;eventLabel=recommendation_widget_pc_sdp_001&amp;platform=web&amp;rmdValue=p227331483:vt-coupangchoice-1.0.0:p4729882173" target="_blank" title="하림 IFF 닭다리살 (냉동), 2000g, 1개">
               <div class="recommend-widget__item__image-wrap">
                <img alt="하림 IFF 닭다리살 (냉동), 2000g, 1개" class="recommend-widget__item__image" onerror="this.src='https://static.coupangcdn.com/image/coupang/common/no_img_1000_1000.png'" src="//thumbnail8.coupangcdn.com/thumbnails/remote/292x292ex/image/retail/images/2020/12/31/16/2/ac3dcdcc-7c99-4c07-a142-93491e7a34be.jpg"/>
                <span class="recommend-widget__item__quick-view-icon" data-index="3">
                </span>
               </div>
               <div class="recommend-widget__item__coupick-badge">
                <img src="//image8.coupangcdn.com/image/badges/cou_pick/web/coupick@2x.png"/>
               </div>
               <strong class="recommend-widget__item__title">
                하림 IFF 닭다리살 (냉동), 2000g, 1개
               </strong>
               <span class="recommend-widget__item__price">
                <em>
                 29,300
                </em>
                원
               </span>
               <div class="recommend-widget__item__badge-wrap">
                <img alt="" class="recommend-widget__item__badge-wrap__badge type-FALCON_FRESH" src="//image7.coupangcdn.com/image/mobile_app/v3/brandsdp/loyalty/pc/rocket-fresh@2x.png"/>
               </div>
               <div class="recommend-widget__item__unit-price-container">
                <span class="recommend-widget__item__unit-price">
                 (100g당 1,465원)
                </span>
               </div>
               <div class="recommend-widget__item__review">
                <span class="recommend-widget__item__review-score-bg">
                 <span class="recommend-widget__item__review-score" style="width:100%;">
                  <em>
                   100%
                  </em>
                 </span>
                </span>
                <span class="recommend-widget__item__review-count">
                 (4,479)
                </span>
               </div>
              </a>
             </li>
             <li class="recommend-widget__item">
              <a data-index="4" data-wiselog='{
               "trackingTag" : "rmdId=6106b26cd3be41a09ca14b9c125b063e&amp;eventLabel=recommendation_widget_pc_sdp_001&amp;platform=web&amp;rmdValue=p227331483:vt-1.0.0:p191119084",
               "eventAction" : "click"
             }' href="//www.coupang.com/vp/products/191119084?vendorItemId=4432150675&amp;sourceType=SDP_ALSO_VIEWED&amp;searchId=6106b26cd3be41a09ca14b9c125b063e&amp;rmdId=6106b26cd3be41a09ca14b9c125b063e&amp;eventLabel=recommendation_widget_pc_sdp_001&amp;platform=web&amp;rmdValue=p227331483:vt-1.0.0:p191119084" target="_blank" title="올품 닭가슴살 슬라이스 IQF (냉동), 2kg, 1개">
               <div class="recommend-widget__item__image-wrap">
                <img alt="올품 닭가슴살 슬라이스 IQF (냉동), 2kg, 1개" class="recommend-widget__item__image" onerror="this.src='https://static.coupangcdn.com/image/coupang/common/no_img_1000_1000.png'" src="//thumbnail8.coupangcdn.com/thumbnails/remote/292x292ex/image/retail/images/2881241301179-92ce84a7-3d2a-47d5-8b6e-36612392b32e.jpg"/>
                <span class="recommend-widget__item__quick-view-icon" data-index="4">
                </span>
               </div>
               <strong class="recommend-widget__item__title">
                올품 닭가슴살 슬라이스 IQF (냉동), 2kg, 1개
               </strong>
               <span class="recommend-widget__item__price">
                <em>
                 16,740
                </em>
                원
               </span>
               <div class="recommend-widget__item__badge-wrap">
                <img alt="" class="recommend-widget__item__badge-wrap__badge type-FALCON_FRESH" src="//image7.coupangcdn.com/image/mobile_app/v3/brandsdp/loyalty/pc/rocket-fresh@2x.png"/>
               </div>
               <div class="recommend-widget__item__unit-price-container">
                <span class="recommend-widget__item__unit-price">
                 (100g당 837원)
                </span>
               </div>
               <div class="recommend-widget__item__review">
                <span class="recommend-widget__item__review-score-bg">
                 <span class="recommend-widget__item__review-score" style="width:100%;">
                  <em>
                   100%
                  </em>
                 </span>
                </span>
                <span class="recommend-widget__item__review-count">
                 (23,796)
                </span>
               </div>
              </a>
             </li>
             <li class="recommend-widget__item" style="display: none;">
              <a data-index="5" data-wiselog='{
               "trackingTag" : "rmdId=6106b26cd3be41a09ca14b9c125b063e&amp;eventLabel=recommendation_widget_pc_sdp_001&amp;platform=web&amp;rmdValue=p227331483:vt-1.0.0:p1539524428",
               "eventAction" : "click"
             }' href="//www.coupang.com/vp/products/1539524428?vendorItemId=78014919168&amp;sourceType=SDP_ALSO_VIEWED&amp;searchId=6106b26cd3be41a09ca14b9c125b063e&amp;rmdId=6106b26cd3be41a09ca14b9c125b063e&amp;eventLabel=recommendation_widget_pc_sdp_001&amp;platform=web&amp;rmdValue=p227331483:vt-1.0.0:p1539524428" target="_blank" title="마니커 IQF 닭고기 가슴살 (냉동), 3kg, 1개">
               <div class="recommend-widget__item__image-wrap">
                <img alt="마니커 IQF 닭고기 가슴살 (냉동), 3kg, 1개" class="recommend-widget__item__image" onerror="this.src='https://static.coupangcdn.com/image/coupang/common/no_img_1000_1000.png'" src="//thumbnail6.coupangcdn.com/thumbnails/remote/292x292ex/image/retail/images/3595202905657762-76dadb61-e8a4-4749-86c3-00702a470558.jpg"/>
                <span class="recommend-widget__item__quick-view-icon" data-index="5">
                </span>
               </div>
               <strong class="recommend-widget__item__title">
                마니커 IQF 닭고기 가슴살 (냉동), 3kg, 1개
               </strong>
               <span class="recommend-widget__item__price">
                <em>
                 29,700
                </em>
                원
               </span>
               <div class="recommend-widget__item__badge-wrap">
                <img alt="" class="recommend-widget__item__badge-wrap__badge type-FALCON_FRESH" src="//image7.coupangcdn.com/image/mobile_app/v3/brandsdp/loyalty/pc/rocket-fresh@2x.png"/>
               </div>
               <div class="recommend-widget__item__unit-price-container">
                <span class="recommend-widget__item__unit-price">
                 (100g당 990원)
                </span>
               </div>
               <div class="recommend-widget__item__review">
                <span class="recommend-widget__item__review-score-bg">
                 <span class="recommend-widget__item__review-score" style="width:100%;">
                  <em>
                   100%
                  </em>
                 </span>
                </span>
                <span class="recommend-widget__item__review-count">
                 (28,054)
                </span>
               </div>
              </a>
             </li>
             <li class="recommend-widget__item" style="display: none;">
              <a data-index="6" data-wiselog='{
               "trackingTag" : "rmdId=6106b26cd3be41a09ca14b9c125b063e&amp;eventLabel=recommendation_widget_pc_sdp_001&amp;platform=web&amp;rmdValue=p227331483:vt-1.0.0:p6635960286",
               "eventAction" : "click"
             }' href="//www.coupang.com/vp/products/6635960286?vendorItemId=82371983379&amp;sourceType=SDP_ALSO_VIEWED&amp;searchId=6106b26cd3be41a09ca14b9c125b063e&amp;rmdId=6106b26cd3be41a09ca14b9c125b063e&amp;eventLabel=recommendation_widget_pc_sdp_001&amp;platform=web&amp;rmdValue=p227331483:vt-1.0.0:p6635960286" target="_blank" title="하림 IFF 핑크솔트 한입 닭가슴살 (냉동), 1개, 1.1kg">
               <div class="recommend-widget__item__image-wrap">
                <img alt="하림 IFF 핑크솔트 한입 닭가슴살 (냉동), 1개, 1.1kg" class="recommend-widget__item__image" onerror="this.src='https://static.coupangcdn.com/image/coupang/common/no_img_1000_1000.png'" src="//thumbnail10.coupangcdn.com/thumbnails/remote/292x292ex/image/retail/images/2022/06/29/15/7/ed7419cb-bd95-42be-920e-3a9c84ae96af.jpg"/>
                <span class="recommend-widget__item__quick-view-icon" data-index="6">
                </span>
               </div>
               <strong class="recommend-widget__item__title">
                하림 IFF 핑크솔트 한입 닭가슴살 (냉동), 1개, 1.1kg
               </strong>
               <span class="recommend-widget__item__price">
                <em>
                 11,920
                </em>
                원
               </span>
               <div class="recommend-widget__item__badge-wrap">
                <img alt="" class="recommend-widget__item__badge-wrap__badge type-FALCON_FRESH" src="//image7.coupangcdn.com/image/mobile_app/v3/brandsdp/loyalty/pc/rocket-fresh@2x.png"/>
               </div>
               <div class="recommend-widget__item__unit-price-container">
                <span class="recommend-widget__item__unit-price">
                 (100g당 1,084원)
                </span>
               </div>
               <div class="recommend-widget__item-clear-both">
               </div>
               <div class="recommend-widget__item__coupon-with-amount">
                <div class="recommend-widget__item__coupon-background">
                 1,000원
                </div>
                <div class="recommend-widget__item__coupon-desc">
                 와우 가입 쿠폰
                </div>
               </div>
               <div class="recommend-widget__item__review recommend-widget-review__has-discount-nudge">
                <span class="recommend-widget__item__review-score-bg">
                 <span class="recommend-widget__item__review-score" style="width:100%;">
                  <em>
                   100%
                  </em>
                 </span>
                </span>
                <span class="recommend-widget__item__review-count">
                 (3,996)
                </span>
               </div>
              </a>
             </li>
             <li class="recommend-widget__item" style="display: none;">
              <a data-index="7" data-wiselog='{
               "trackingTag" : "rmdId=6106b26cd3be41a09ca14b9c125b063e&amp;eventLabel=recommendation_widget_pc_sdp_001&amp;platform=web&amp;rmdValue=p227331483:vt-1.0.0:p1267767150",
               "eventAction" : "click"
             }' href="//www.coupang.com/vp/products/1267767150?vendorItemId=70268609273&amp;sourceType=SDP_ALSO_VIEWED&amp;searchId=6106b26cd3be41a09ca14b9c125b063e&amp;rmdId=6106b26cd3be41a09ca14b9c125b063e&amp;eventLabel=recommendation_widget_pc_sdp_001&amp;platform=web&amp;rmdValue=p227331483:vt-1.0.0:p1267767150" target="_blank" title="목우촌 국내산 소고기 양지 세절 국거리용 (냉장), 300g, 1개">
               <div class="recommend-widget__item__image-wrap">
                <img alt="목우촌 국내산 소고기 양지 세절 국거리용 (냉장), 300g, 1개" class="recommend-widget__item__image" onerror="this.src='https://static.coupangcdn.com/image/coupang/common/no_img_1000_1000.png'" src="//thumbnail8.coupangcdn.com/thumbnails/remote/292x292ex/image/retail/images/281774492880847-056b9ad5-db61-45fa-bfcc-f35c906bcf98.jpg"/>
                <span class="recommend-widget__item__quick-view-icon" data-index="7">
                </span>
               </div>
               <strong class="recommend-widget__item__title">
                목우촌 국내산 소고기 양지 세절 국거리용 (냉장), 300g, 1개
               </strong>
               <span class="recommend-widget__item__price">
                <em>
                 16,110
                </em>
                원
               </span>
               <div class="recommend-widget__item__badge-wrap">
                <img alt="" class="recommend-widget__item__badge-wrap__badge type-FALCON_FRESH" src="//image7.coupangcdn.com/image/mobile_app/v3/brandsdp/loyalty/pc/rocket-fresh@2x.png"/>
               </div>
               <div class="recommend-widget__item__unit-price-container">
                <span class="recommend-widget__item__unit-price">
                 (100g당 5,370원)
                </span>
               </div>
               <div class="recommend-widget__item-clear-both">
               </div>
               <div class="recommend-widget__item__coupon-with-amount">
                <div class="recommend-widget__item__coupon-background">
                 1,390원
                </div>
                <div class="recommend-widget__item__coupon-desc">
                 와우 가입 쿠폰
                </div>
               </div>
               <div class="recommend-widget__item__review recommend-widget-review__has-discount-nudge">
                <span class="recommend-widget__item__review-score-bg">
                 <span class="recommend-widget__item__review-score" style="width:90%;">
                  <em>
                   90%
                  </em>
                 </span>
                </span>
                <span class="recommend-widget__item__review-count">
                 (63,487)
                </span>
               </div>
              </a>
             </li>
             <li class="recommend-widget__item" style="display: none;">
              <a data-index="8" data-wiselog='{
               "trackingTag" : "rmdId=6106b26cd3be41a09ca14b9c125b063e&amp;eventLabel=recommendation_widget_pc_sdp_001&amp;platform=web&amp;rmdValue=p227331483:vt-1.0.0:p1628662667",
               "eventAction" : "click"
             }' href="//www.coupang.com/vp/products/1628662667?vendorItemId=78328735918&amp;sourceType=SDP_ALSO_VIEWED&amp;searchId=6106b26cd3be41a09ca14b9c125b063e&amp;rmdId=6106b26cd3be41a09ca14b9c125b063e&amp;eventLabel=recommendation_widget_pc_sdp_001&amp;platform=web&amp;rmdValue=p227331483:vt-1.0.0:p1628662667" target="_blank" title="하림 닭볶음탕용 닭고기 2개입 (냉장), 2000g, 1개">
               <div class="recommend-widget__item__image-wrap">
                <img alt="하림 닭볶음탕용 닭고기 2개입 (냉장), 2000g, 1개" class="recommend-widget__item__image" onerror="this.src='https://static.coupangcdn.com/image/coupang/common/no_img_1000_1000.png'" src="//thumbnail7.coupangcdn.com/thumbnails/remote/292x292ex/image/retail/images/1832588503665780-dfbeb730-77b3-4455-a26b-fe31fc9cd40b.jpg"/>
                <span class="recommend-widget__item__quick-view-icon" data-index="8">
                </span>
               </div>
               <strong class="recommend-widget__item__title">
                하림 닭볶음탕용 닭고기 2개입 (냉장), 2000g, 1개
               </strong>
               <span class="recommend-widget__item__price">
                <em>
                 13,960
                </em>
                원
               </span>
               <div class="recommend-widget__item__badge-wrap">
                <img alt="" class="recommend-widget__item__badge-wrap__badge type-FALCON_FRESH" src="//image7.coupangcdn.com/image/mobile_app/v3/brandsdp/loyalty/pc/rocket-fresh@2x.png"/>
               </div>
               <div class="recommend-widget__item__unit-price-container">
                <span class="recommend-widget__item__unit-price">
                 (100g당 698원)
                </span>
               </div>
               <div class="recommend-widget__item__review">
                <span class="recommend-widget__item__review-score-bg">
                 <span class="recommend-widget__item__review-score" style="width:100%;">
                  <em>
                   100%
                  </em>
                 </span>
                </span>
                <span class="recommend-widget__item__review-count">
                 (122,441)
                </span>
               </div>
              </a>
             </li>
             <li class="recommend-widget__item" style="display: none;">
              <a data-index="9" data-wiselog='{
               "trackingTag" : "rmdId=6106b26cd3be41a09ca14b9c125b063e&amp;eventLabel=recommendation_widget_pc_sdp_001&amp;platform=web&amp;rmdValue=p227331483:vt-1.0.0:p2280983423",
               "eventAction" : "click"
             }' href="//www.coupang.com/vp/products/2280983423?vendorItemId=86341955406&amp;sourceType=SDP_ALSO_VIEWED&amp;searchId=6106b26cd3be41a09ca14b9c125b063e&amp;rmdId=6106b26cd3be41a09ca14b9c125b063e&amp;eventLabel=recommendation_widget_pc_sdp_001&amp;platform=web&amp;rmdValue=p227331483:vt-1.0.0:p2280983423" target="_blank" title="닭터의자연 무항생제 인증 닭가슴살 (냉동), 1kg, 2개">
               <div class="recommend-widget__item__image-wrap">
                <img alt="닭터의자연 무항생제 인증 닭가슴살 (냉동), 1kg, 2개" class="recommend-widget__item__image" onerror="this.src='https://static.coupangcdn.com/image/coupang/common/no_img_1000_1000.png'" src="//thumbnail7.coupangcdn.com/thumbnails/remote/292x292ex/image/retail/images/a277d649-a1ea-4771-9536-75c7ab75c0335466660801415446614.png"/>
                <span class="recommend-widget__item__quick-view-icon" data-index="9">
                </span>
               </div>
               <strong class="recommend-widget__item__title">
                닭터의자연 무항생제 인증 닭가슴살 (냉동), 1kg, 2개
               </strong>
               <span class="recommend-widget__item__price">
                <em>
                 19,720
                </em>
                원
               </span>
               <div class="recommend-widget__item__badge-wrap">
                <img alt="" class="recommend-widget__item__badge-wrap__badge type-FALCON_FRESH" src="//image7.coupangcdn.com/image/mobile_app/v3/brandsdp/loyalty/pc/rocket-fresh@2x.png"/>
               </div>
               <div class="recommend-widget__item__unit-price-container">
                <span class="recommend-widget__item__unit-price">
                 (100g당 986원)
                </span>
               </div>
               <div class="recommend-widget__item__review">
                <span class="recommend-widget__item__review-score-bg">
                 <span class="recommend-widget__item__review-score" style="width:100%;">
                  <em>
                   100%
                  </em>
                 </span>
                </span>
                <span class="recommend-widget__item__review-count">
                 (4,895)
                </span>
               </div>
              </a>
             </li>
             <li class="recommend-widget__item" style="display: none;">
              <a data-index="10" data-wiselog='{
               "trackingTag" : "rmdId=6106b26cd3be41a09ca14b9c125b063e&amp;eventLabel=recommendation_widget_pc_sdp_001&amp;platform=web&amp;rmdValue=p227331483:vt-1.0.0:p7107231958",
               "eventAction" : "click"
             }' href="//www.coupang.com/vp/products/7107231958?vendorItemId=86051110551&amp;sourceType=SDP_ALSO_VIEWED&amp;searchId=6106b26cd3be41a09ca14b9c125b063e&amp;rmdId=6106b26cd3be41a09ca14b9c125b063e&amp;eventLabel=recommendation_widget_pc_sdp_001&amp;platform=web&amp;rmdValue=p227331483:vt-1.0.0:p7107231958" target="_blank" title="목우촌 무항생제 인증 IQF 닭가슴살 (냉동), 1개, 1kg">
               <div class="recommend-widget__item__image-wrap">
                <img alt="목우촌 무항생제 인증 IQF 닭가슴살 (냉동), 1개, 1kg" class="recommend-widget__item__image" onerror="this.src='https://static.coupangcdn.com/image/coupang/common/no_img_1000_1000.png'" src="//thumbnail6.coupangcdn.com/thumbnails/remote/292x292ex/image/retail/images/2023/05/22/15/5/b34656ae-b86f-4ec2-bdea-8c5d49116a3f.jpg"/>
                <span class="recommend-widget__item__quick-view-icon" data-index="10">
                </span>
               </div>
               <strong class="recommend-widget__item__title">
                목우촌 무항생제 인증 IQF 닭가슴살 (냉동), 1개, 1kg
               </strong>
               <span class="recommend-widget__item__price">
                <em>
                 9,800
                </em>
                원
               </span>
               <div class="recommend-widget__item__badge-wrap">
                <img alt="" class="recommend-widget__item__badge-wrap__badge type-FALCON_FRESH" src="//image7.coupangcdn.com/image/mobile_app/v3/brandsdp/loyalty/pc/rocket-fresh@2x.png"/>
               </div>
               <div class="recommend-widget__item__unit-price-container">
                <span class="recommend-widget__item__unit-price">
                 (100g당 980원)
                </span>
               </div>
               <div class="recommend-widget__item__review">
                <span class="recommend-widget__item__review-score-bg">
                 <span class="recommend-widget__item__review-score" style="width:100%;">
                  <em>
                   100%
                  </em>
                 </span>
                </span>
                <span class="recommend-widget__item__review-count">
                 (2,152)
                </span>
               </div>
              </a>
             </li>
             <li class="recommend-widget__item" style="display: none;">
              <a data-index="11" data-wiselog='{
               "trackingTag" : "rmdId=6106b26cd3be41a09ca14b9c125b063e&amp;eventLabel=recommendation_widget_pc_sdp_001&amp;platform=web&amp;rmdValue=p227331483:vt-1.0.0:p1634287963",
               "eventAction" : "click"
             }' href="//www.coupang.com/vp/products/1634287963?vendorItemId=70777230722&amp;sourceType=SDP_ALSO_VIEWED&amp;searchId=6106b26cd3be41a09ca14b9c125b063e&amp;rmdId=6106b26cd3be41a09ca14b9c125b063e&amp;eventLabel=recommendation_widget_pc_sdp_001&amp;platform=web&amp;rmdValue=p227331483:vt-1.0.0:p1634287963" target="_blank" title="하림 닭가슴살 (냉장), 600g, 1개">
               <div class="recommend-widget__item__image-wrap">
                <img alt="하림 닭가슴살 (냉장), 600g, 1개" class="recommend-widget__item__image" onerror="this.src='https://static.coupangcdn.com/image/coupang/common/no_img_1000_1000.png'" src="//thumbnail6.coupangcdn.com/thumbnails/remote/292x292ex/image/retail/images/2020/05/26/12/1/7bb51b4e-31a5-46c4-bd36-9f9dc520979c.jpg"/>
                <span class="recommend-widget__item__quick-view-icon" data-index="11">
                </span>
               </div>
               <strong class="recommend-widget__item__title">
                하림 닭가슴살 (냉장), 600g, 1개
               </strong>
               <span class="recommend-widget__item__price">
                <em>
                 5,610
                </em>
                원
               </span>
               <div class="recommend-widget__item__badge-wrap">
                <img alt="" class="recommend-widget__item__badge-wrap__badge type-FALCON_FRESH" src="//image7.coupangcdn.com/image/mobile_app/v3/brandsdp/loyalty/pc/rocket-fresh@2x.png"/>
               </div>
               <div class="recommend-widget__item__unit-price-container">
                <span class="recommend-widget__item__unit-price">
                 (100g당 935원)
                </span>
               </div>
               <div class="recommend-widget__item__review">
                <span class="recommend-widget__item__review-score-bg">
                 <span class="recommend-widget__item__review-score" style="width:100%;">
                  <em>
                   100%
                  </em>
                 </span>
                </span>
                <span class="recommend-widget__item__review-count">
                 (4,443)
                </span>
               </div>
              </a>
             </li>
             <li class="recommend-widget__item" style="display: none;">
              <a data-index="12" data-wiselog='{
               "trackingTag" : "rmdId=6106b26cd3be41a09ca14b9c125b063e&amp;eventLabel=recommendation_widget_pc_sdp_001&amp;platform=web&amp;rmdValue=p227331483:vt-1.0.0:p6795965704",
               "eventAction" : "click"
             }' href="//www.coupang.com/vp/products/6795965704?vendorItemId=79896126181&amp;sourceType=SDP_ALSO_VIEWED&amp;searchId=6106b26cd3be41a09ca14b9c125b063e&amp;rmdId=6106b26cd3be41a09ca14b9c125b063e&amp;eventLabel=recommendation_widget_pc_sdp_001&amp;platform=web&amp;rmdValue=p227331483:vt-1.0.0:p6795965704" target="_blank" title="하림 닭가슴살 블랙페퍼 8개입, 800g, 1개">
               <div class="recommend-widget__item__image-wrap">
                <img alt="하림 닭가슴살 블랙페퍼 8개입, 800g, 1개" class="recommend-widget__item__image" onerror="this.src='https://static.coupangcdn.com/image/coupang/common/no_img_1000_1000.png'" src="//thumbnail9.coupangcdn.com/thumbnails/remote/292x292ex/image/retail/images/545772136427964-a75e6254-419c-4062-a946-2182c7b53cdc.jpg"/>
                <span class="recommend-widget__item__quick-view-icon" data-index="12">
                </span>
               </div>
               <strong class="recommend-widget__item__title">
                하림 닭가슴살 블랙페퍼 8개입, 800g, 1개
               </strong>
               <span class="recommend-widget__item__price">
                <em>
                 15,800
                </em>
                원
               </span>
               <div class="recommend-widget__item__badge-wrap">
                <img alt="" class="recommend-widget__item__badge-wrap__badge type-FALCON_FRESH" src="//image7.coupangcdn.com/image/mobile_app/v3/brandsdp/loyalty/pc/rocket-fresh@2x.png"/>
               </div>
               <div class="recommend-widget__item__unit-price-container">
                <span class="recommend-widget__item__unit-price">
                 (100g당 1,975원)
                </span>
               </div>
               <div class="recommend-widget__item__review">
                <span class="recommend-widget__item__review-score-bg">
                 <span class="recommend-widget__item__review-score" style="width:100%;">
                  <em>
                   100%
                  </em>
                 </span>
                </span>
                <span class="recommend-widget__item__review-count">
                 (30,498)
                </span>
               </div>
              </a>
             </li>
             <li class="recommend-widget__item" style="display: none;">
              <a data-index="13" data-wiselog='{
               "trackingTag" : "rmdId=6106b26cd3be41a09ca14b9c125b063e&amp;eventLabel=recommendation_widget_pc_sdp_001&amp;platform=web&amp;rmdValue=p227331483:vt-1.0.0:p6465486466",
               "eventAction" : "click"
             }' href="//www.coupang.com/vp/products/6465486466?vendorItemId=86350131627&amp;sourceType=SDP_ALSO_VIEWED&amp;searchId=6106b26cd3be41a09ca14b9c125b063e&amp;rmdId=6106b26cd3be41a09ca14b9c125b063e&amp;eventLabel=recommendation_widget_pc_sdp_001&amp;platform=web&amp;rmdValue=p227331483:vt-1.0.0:p6465486466" target="_blank" title="올가홀푸드 동물복지 인증 급속냉동으로 신선한 동물복지 닭가슴살 (냉동), 1kg, 2개">
               <div class="recommend-widget__item__image-wrap">
                <img alt="올가홀푸드 동물복지 인증 급속냉동으로 신선한 동물복지 닭가슴살 (냉동), 1kg, 2개" class="recommend-widget__item__image" onerror="this.src='https://static.coupangcdn.com/image/coupang/common/no_img_1000_1000.png'" src="//thumbnail10.coupangcdn.com/thumbnails/remote/292x292ex/image/retail/images/b434efe6-15d4-4535-a734-4fb4959fda466805487321403204912.png"/>
                <span class="recommend-widget__item__quick-view-icon" data-index="13">
                </span>
               </div>
               <strong class="recommend-widget__item__title">
                올가홀푸드 동물복지 인증 급속냉동으로 신선한 동물복지 닭가슴살 (냉동), 1kg, 2개
               </strong>
               <span class="recommend-widget__item__price">
                <em>
                 21,940
                </em>
                원
               </span>
               <div class="recommend-widget__item__badge-wrap">
                <img alt="" class="recommend-widget__item__badge-wrap__badge type-FALCON_FRESH" src="//image7.coupangcdn.com/image/mobile_app/v3/brandsdp/loyalty/pc/rocket-fresh@2x.png"/>
               </div>
               <div class="recommend-widget__item__unit-price-container">
                <span class="recommend-widget__item__unit-price">
                 (100g당 1,097원)
                </span>
               </div>
               <div class="recommend-widget__item__review">
                <span class="recommend-widget__item__review-score-bg">
                 <span class="recommend-widget__item__review-score" style="width:100%;">
                  <em>
                   100%
                  </em>
                 </span>
                </span>
                <span class="recommend-widget__item__review-count">
                 (758)
                </span>
               </div>
              </a>
             </li>
             <li class="recommend-widget__item" style="display: none;">
              <a data-index="14" data-wiselog='{
               "trackingTag" : "rmdId=6106b26cd3be41a09ca14b9c125b063e&amp;eventLabel=recommendation_widget_pc_sdp_001&amp;platform=web&amp;rmdValue=p227331483:vt-1.0.0:p6947674690",
               "eventAction" : "click"
             }' href="//www.coupang.com/vp/products/6947674690?vendorItemId=88468569364&amp;sourceType=SDP_ALSO_VIEWED&amp;searchId=6106b26cd3be41a09ca14b9c125b063e&amp;rmdId=6106b26cd3be41a09ca14b9c125b063e&amp;eventLabel=recommendation_widget_pc_sdp_001&amp;platform=web&amp;rmdValue=p227331483:vt-1.0.0:p6947674690" target="_blank" title="하림 하림이닭 닭가슴살 수비드 바질 &amp; 올리브 (냉동), 115g, 30개">
               <div class="recommend-widget__item__image-wrap">
                <img alt="하림 하림이닭 닭가슴살 수비드 바질 &amp; 올리브 (냉동), 115g, 30개" class="recommend-widget__item__image" onerror="this.src='https://static.coupangcdn.com/image/coupang/common/no_img_1000_1000.png'" src="//thumbnail9.coupangcdn.com/thumbnails/remote/292x292ex/image/retail/images/e00ce46e-4aac-42aa-b594-8a9d5ecf518b4154759502467334809.png"/>
                <span class="recommend-widget__item__quick-view-icon" data-index="14">
                </span>
               </div>
               <strong class="recommend-widget__item__title">
                하림 하림이닭 닭가슴살 수비드 바질 &amp; 올리브 (냉동), 115g, 30개
               </strong>
               <span class="recommend-widget__item__price">
                <em>
                 56,460
                </em>
                원
               </span>
               <div class="recommend-widget__item__badge-wrap">
                <img alt="" class="recommend-widget__item__badge-wrap__badge type-FALCON_FRESH" src="//image7.coupangcdn.com/image/mobile_app/v3/brandsdp/loyalty/pc/rocket-fresh@2x.png"/>
               </div>
               <div class="recommend-widget__item__unit-price-container">
                <span class="recommend-widget__item__unit-price">
                 (100g당 1,637원)
                </span>
               </div>
               <div class="recommend-widget__item__review">
                <span class="recommend-widget__item__review-score-bg">
                 <span class="recommend-widget__item__review-score" style="width:90%;">
                  <em>
                   90%
                  </em>
                 </span>
                </span>
                <span class="recommend-widget__item__review-count">
                 (3,229)
                </span>
               </div>
              </a>
             </li>
            </ul>
           </div>
           <a class="recommend-widget__arrow-button prev" href="javascript:;" title="이전 상품 보기">
            이전 상품 보기
           </a>
           <a class="recommend-widget__arrow-button next" href="javascript:;" title="다음 상품 보기">
            다음 상품 보기
           </a>
          </div>
         </div>
         <div id="laptopParityCompare" style="display:none">
         </div>
        </li>
        <li class="product-review tab-contents__content">
        </li>
        <div id="midCarousel3">
         <div style="
		width: 38px;
		height: 54px;
		position: absolute;
		z-index: 1;
		top: 50%;
		opacity: 0;
		transition: opacity 0.3s linear 0s;
		margin-top: -27px;
		cursor: pointer;
		left: 0;background: url(//static.coupangcdn.com/image/dragonstone/sdp/PCSDP_imageasset_171215-min.png) -176px -265px no-repeat;
	">
         </div>
         <div style="
		width: 38px;
		height: 54px;
		position: absolute;
		z-index: 1;
		top: 50%;
		opacity: 0;
		transition: opacity 0.3s linear 0s;
		margin-top: -27px;
		cursor: pointer;
		right: 0;background: url(//static.coupangcdn.com/image/dragonstone/sdp/PCSDP_imageasset_171215-min.png) -223px -265px no-repeat;
	">
         </div>
         <div class="cmg-dco-template" style="display: flex; flex-direction: column; background-color: rgba(255, 255, 255, 1); overflow: hidden;">
          <div style="display: flex; flex-direction: row; -webkit-box-sizing: border-box; width: 100%;; height: 54px; min-height: 54px; align-items: center">
           <div style="-webkit-line-clamp: 1; overflow: hidden; display: -webkit-box!important; -webkit-box-orient: vertical; min-width: fit-content; width: fit-content; padding: 0px 0px 0px 16px">
            <span style="font-size: 18px; font-weight: bold; color: rgba(211, 82, 0, 1); word-break: break-all; vertical-align: middle">
             4점 이상
            </span>
           </div>
           <div style="-webkit-line-clamp: 1; overflow: hidden; display: -webkit-box!important; -webkit-box-orient: vertical; width: 100%; flex-grow: 1; padding: 0px 0px 0px 6px">
            <span style="font-size: 18px; font-weight: bold; color: rgba(33, 43, 54, 1); word-break: break-all; vertical-align: middle">
             리뷰가 좋은 상품
            </span>
           </div>
           <div style="-webkit-line-clamp: 1; overflow: hidden; display: -webkit-box!important; -webkit-box-orient: vertical; min-width: fit-content; width: fit-content; margin: 0px 16px 0px 0px">
            <span style="font-size: 12px; font-weight: normal; color: rgba(17, 17, 17, 0.3); word-break: break-all; vertical-align: middle">
             AD
            </span>
           </div>
          </div>
          <div class="cmg-dco-carousel" style="display: flex; flex-direction: row; -webkit-box-sizing: border-box; width: 100%;; margin: 0px 0px 0px 4px">
           <div style="display: flex; flex-direction: row; -webkit-box-sizing: border-box; min-width: fit-content; width: fit-content">
            <div class="cmg-dco-carousel-item cmg-dco-carousel-product" data-adsplatform='{"viewImpression": "https://mercury.coupang.com/e.gif?r=HEfXSEHY2FWK726MHHi1FKcG49LHCLXNYsWH0QlCjMGwH99eHoWbxqunXzA38M2HbDmosPNTZfB0E0-zIsWAWX9lU8WGx12rV8zIkso0VGLFR1wExpUPbuXriQoIpOCk-GDs7D8ivkFaw35O0douonISW1WCFFfFucMbosPCQC9GfC4FXaKMkG8tN3LrXY8e_3ZKH4ugEwcuf8tEO-I3PkG_-IjhYpNOpYY8SyxZfMWVGUT78h3u_-4gjxjASgseSmLFsA-X-ueqDCUhD7Uz6JnAPX9mDvRgYKx2BM7gUWPj9HWgI7ZIQUxp56FKBDErwdAkeZcv8JBkTQAuWvYCMwSqJMINK8Ln6CHxBs5ZatHNO-jimcQPUY2GI1RHpxC9nChnZE2SAeyt0lrACyCJ0gGbEQDFYscBW7k1uN2oYB2tZoKh7kdj3jykcXfJsvc36rAor4TSl1jhO2ehJFmVONgzJmcRJbvbTaSafR7vm-19Fdc9SArSXwEIJ0WW61Pz81nvS8AdxO1nQsQFXyDl_kcHH2rdXwty7FX95oK_NxbtI9DgNqhAGu6NnQ%3D%3D%7Ea-eqzpz_up1NTCo0aw0M4Ea4uoJyGyGl_jf7MO615hyGW6e3NB994idlMB3MZtL7fNauCVrmTfZ8DB9sEJSnmqOXhvwbpQ09awHlp6vwCmvQ7ADEbduBF_Gbul8tztQw7Q6peJkOIO8jRWJIP0-BurRAODNwplFpt9AG5Ymoh2iWQLixWhW5ZkzxCxpoZJ8yQhgS6R4wBKzuRw82CcUEskz3u039G4QkqZB232BSDwLhUpGiXGBKnrNyVEgSD7U2IZPQU4sR9xRId1rXhiEQvhM9k-UKPHZlJys-kqQW5TYYS5PE0wxguiJZQR9hBTtfN-n3DabrW76mNTZ3ZV0A7_A4Lyt2ij8Q_1Riv3iLr7GrVZTebc2KsSJGexsrrHhuCKEf3-UOzrpm6bNgPBiYwutIMP-04c6hWg%3D%3D%7EBp5q7zmaBncv4lWYBsG3azqdlLYdFr6EnsCv0m5e6nG_pFmfK-TMY-6dJXuRGn0G4iJenEAB79UB&amp;templateId=3881"}' style="display: flex; flex-direction: column; width: 124px; min-width: 124px; margin: 0px 12px 16px 12px">
             <div style="width: 124px; min-width: 124px; height: 124px; min-height: 124px; margin: 0px 0px 8px 0px; overflow: hidden">
              <img class="main-image" src="https://thumbnail9.coupangcdn.com/thumbnails/remote/292x292q65ex/image/vendor_inventory/495d/38cd7b0cfba61116b2682c4ebc7bb1bb138f77afd16cdf7c0ba013f7eb90.jpg" style="vertical-align: top; height: 100%; object-fit: contain;border-radius: 0px 0px 0px 0px;"/>
             </div>
             <div style="-webkit-line-clamp: 100; overflow: hidden; display: -webkit-box!important; -webkit-box-orient: vertical; min-width: fit-content; width: fit-content; padding: 0px 0px 6px 0px">
              <span style="font-size: 12px; font-weight: bold; color: rgba(99, 115, 129, 1); word-break: break-all; vertical-align: middle">
               무료배송
              </span>
             </div>
             <div style="-webkit-line-clamp: 2; overflow: hidden; display: -webkit-box!important; -webkit-box-orient: vertical; width: 100%;; margin: 0px 0px 4px 0px">
              <span class="product-title" style="font-size: 14px; font-weight: normal; color: rgba(33, 43, 54, 1); word-break: break-all; vertical-align: middle">
               육식토끼 닭가슴살 클래식, 150g, 67개
              </span>
             </div>
             <div style="display: flex; flex-direction: row; -webkit-box-sizing: border-box; min-width: fit-content; width: fit-content; margin: 0px 0px 4px 0px; align-items: center">
              <div style="-webkit-line-clamp: 1; overflow: hidden; display: -webkit-box!important; -webkit-box-orient: vertical; min-width: fit-content; width: fit-content; margin: 0px 4px 0px 0px">
               <span style="font-size: 14px; font-weight: bold; color: rgba(203, 20, 0, 1); word-break: break-all; vertical-align: middle">
                135,000원
               </span>
              </div>
             </div>
             <div style="display: flex; flex-direction: column; min-width: fit-content; width: fit-content; margin: 0px 0px 4px 0px">
             </div>
             <div style="display: flex; flex-direction: row; -webkit-box-sizing: border-box; min-width: fit-content; width: fit-content">
             </div>
             <div style="display: flex; flex-direction: row; -webkit-box-sizing: border-box; min-width: fit-content; width: fit-content; align-items: flex-end">
              <div style="display: flex; min-width: fit-content; width: fit-content; height: 13px; min-height: 13px; margin: 0px 2px 0px 0px">
               <span style="display: block; background-image: url(//static.coupangcdn.com/image/cmg/common/rating-star/RDS.png); background-repeat: no-repeat; width: 60px; height: 12px; background-size: 60px 24px; background-position: 0 -12px">
                <em style="display: block; background-image: url(//static.coupangcdn.com/image/cmg/common/rating-star/RDS.png); background-repeat: no-repeat; width: 90%; height: 12px; background-size: 60px 24px; background-position: 0 0">
                </em>
               </span>
              </div>
              <div style="-webkit-line-clamp: 1; overflow: hidden; display: -webkit-box!important; -webkit-box-orient: vertical; min-width: fit-content; width: fit-content">
               <span style="font-size: 12px; font-weight: normal; color: rgba(118, 134, 149, 1); word-break: break-all; vertical-align: middle">
                (3,163)
               </span>
              </div>
             </div>
            </div>
            <div style="display: flex; flex-direction: column; width: 1px; min-width: 1px; align-self: stretch; margin: 0px 0px 16px 0px; background-color: rgba(238, 238, 238, 1)">
            </div>
           </div>
           <div style="display: flex; flex-direction: row; -webkit-box-sizing: border-box; min-width: fit-content; width: fit-content">
            <div class="cmg-dco-carousel-item cmg-dco-carousel-product" data-adsplatform='{"viewImpression": "https://mercury.coupang.com/e.gif?r=HEfXSEHY2FWK726MHHi1FKcG49LHCLXNYsWH0QlCjMGwH99eHoWbxqunXzA38M2HbDmosPNTZfB0E0-zIsWAWX9lU8WGx12rV8zIkso0VGLFR1wExpUPbuXriQoIpOCk-GDs7D8ivkFaw35O0douonISW1WCFFfFucMbosPCQC9GfC4FXaKMkG8tN3LrXY8e_3ZKH4ugEwcuf8tEO-I3PkG_-IjhYpNOpYY8SyxZfMWVGUT78h3u_-4gjxjASgseSmLFsA-X-ueqDCUhD7Uz6JnAPX9mDvRgYKx2BM7gUWPj9HWgI7ZIQUxp56FKBDErwdAkeZcv8JBkTQAuWvYCMwSqJMINK8Ln6CHxBs5ZatHNO-jimcQPUY2GI1RHpxC9nChnZE2SAeyt0lrACyCJ0gGbEQDFYscBW7k1uN2oYB2tZoKh7kdj3jykcXfJsvc36rAor4TSl1jhO2ehJFmVONgzJmcRJbvbTaSafR7vm-19Fdc9SArSXwEIJ0WW61Pz81nvS8AdxO1nQsQFXyDl_kcHH2rdXwty7FX95oK_NxbtI9DgNqhAGu6NnQ%3D%3D%7EnE33TZ_SuHlfGu0snDV401vieMJf6JaiHdWmLguTTwZtrIo1SVCIWtU6CQsyP-7CVAsqbEos9P2D1FCl3SCzInyn0tgESFc48QEwmZvolCxWQAl-4T08cAAjLIVsYywYqV_DvSV2V6T38qi0pp7IUwPENOhbSyRehTdGDvyu8uTK45TTIULwS-2Z1QVN23Xq9BxdpzFthdUtJL7ZGiJQ22sP2D9I3RtriMhIqxJ-gFRcra1Mx3C0qCyVQtFyIDHvdfilLgFJL7tLEVW5jPmdig3wsZ4OkPeCquYbjSPHk2ePjocRoaJS39j_b6kKKb3u14EXWHmHk3YR9Ui0-DL7HiFQIGtvFKpWwYy1A4TrTk6rCDv4_yuoRSkgrr0KYPbNiegXmgto2Mnv5Vl2RF1FAeSQ2-MbZolOKmzzHnMk5GQ%3D%7EBp5q7zmaBncv4lWYBsG3azqdlLYdFr6EnsCv0m5e6nG_pFmfK-TMY-6dJXuRGn0G4iJenEAB79UB&amp;templateId=3881"}' style="display: flex; flex-direction: column; width: 124px; min-width: 124px; margin: 0px 12px 16px 12px">
             <div style="width: 124px; min-width: 124px; height: 124px; min-height: 124px; margin: 0px 0px 8px 0px; overflow: hidden">
              <img class="main-image" src="https://thumbnail2.coupangcdn.com/thumbnails/remote/292x292q65ex/image/vendor_inventory/ce88/f7b4d0196a8384e8c650bc6b70da5933ac4591911a7e0748336ef2ae5cfe.jpg" style="vertical-align: top; height: 100%; object-fit: contain;border-radius: 0px 0px 0px 0px;"/>
             </div>
             <div style="-webkit-line-clamp: 100; overflow: hidden; display: -webkit-box!important; -webkit-box-orient: vertical; min-width: fit-content; width: fit-content; padding: 0px 0px 6px 0px">
              <span style="font-size: 12px; font-weight: bold; color: rgba(99, 115, 129, 1); word-break: break-all; vertical-align: middle">
               무료배송
              </span>
             </div>
             <div style="-webkit-line-clamp: 2; overflow: hidden; display: -webkit-box!important; -webkit-box-orient: vertical; width: 100%;; margin: 0px 0px 4px 0px">
              <span class="product-title" style="font-size: 14px; font-weight: normal; color: rgba(33, 43, 54, 1); word-break: break-all; vertical-align: middle">
               햇살닭 더촉촉한 소스 닭가슴살 100g 10종 24팩 / 소스 / 혼합구성, 24개
              </span>
             </div>
             <div style="display: flex; flex-direction: row; -webkit-box-sizing: border-box; min-width: fit-content; width: fit-content; margin: 0px 0px 4px 0px; align-items: center">
              <div style="-webkit-line-clamp: 1; overflow: hidden; display: -webkit-box!important; -webkit-box-orient: vertical; min-width: fit-content; width: fit-content; margin: 0px 4px 0px 0px">
               <span style="font-size: 14px; font-weight: bold; color: rgba(203, 20, 0, 1); word-break: break-all; vertical-align: middle">
                37,900원
               </span>
              </div>
             </div>
             <div style="display: flex; flex-direction: column; min-width: fit-content; width: fit-content; margin: 0px 0px 4px 0px">
             </div>
             <div style="display: flex; flex-direction: row; -webkit-box-sizing: border-box; min-width: fit-content; width: fit-content">
              <div style="display: flex; flex-direction: row; -webkit-box-sizing: border-box; min-width: fit-content; width: fit-content; height: 16px; min-height: 16px; padding: 0px 4px 1px 4px; margin: 0px 0px 6px 0px; background-color: rgba(225, 39, 5, 1); border-radius: 4px 4px 4px 4px; align-items: center">
               <div style="-webkit-line-clamp: 1; overflow: hidden; display: -webkit-box!important; -webkit-box-orient: vertical; min-width: fit-content; width: fit-content; margin: 0px 2px 0px 0px">
                <span style="font-size: 11px; font-weight: bold; color: rgba(255, 255, 255, 1); word-break: break-all; vertical-align: middle">
                 41%
                </span>
               </div>
               <div style="-webkit-line-clamp: 1; overflow: hidden; display: -webkit-box!important; -webkit-box-orient: vertical; min-width: fit-content; width: fit-content">
                <span style="font-size: 11px; font-weight: bold; color: rgba(255, 255, 255, 1); word-break: break-all; vertical-align: middle">
                 할인
                </span>
               </div>
              </div>
             </div>
             <div style="display: flex; flex-direction: row; -webkit-box-sizing: border-box; min-width: fit-content; width: fit-content; align-items: flex-end">
              <div style="display: flex; min-width: fit-content; width: fit-content; height: 13px; min-height: 13px; margin: 0px 2px 0px 0px">
               <span style="display: block; background-image: url(//static.coupangcdn.com/image/cmg/common/rating-star/RDS.png); background-repeat: no-repeat; width: 60px; height: 12px; background-size: 60px 24px; background-position: 0 -12px">
                <em style="display: block; background-image: url(//static.coupangcdn.com/image/cmg/common/rating-star/RDS.png); background-repeat: no-repeat; width: 90%; height: 12px; background-size: 60px 24px; background-position: 0 0">
                </em>
               </span>
              </div>
              <div style="-webkit-line-clamp: 1; overflow: hidden; display: -webkit-box!important; -webkit-box-orient: vertical; min-width: fit-content; width: fit-content">
               <span style="font-size: 12px; font-weight: normal; color: rgba(118, 134, 149, 1); word-break: break-all; vertical-align: middle">
                (278)
               </span>
              </div>
             </div>
            </div>
            <div style="display: flex; flex-direction: column; width: 1px; min-width: 1px; align-self: stretch; margin: 0px 0px 16px 0px; background-color: rgba(238, 238, 238, 1)">
            </div>
           </div>
           <div style="display: flex; flex-direction: row; -webkit-box-sizing: border-box; min-width: fit-content; width: fit-content">
            <div class="cmg-dco-carousel-item cmg-dco-carousel-product" data-adsplatform='{"viewImpression": "https://mercury.coupang.com/e.gif?r=HEfXSEHY2FWK726MHHi1FKcG49LHCLXNYsWH0QlCjMGwH99eHoWbxqunXzA38M2HbDmosPNTZfB0E0-zIsWAWX9lU8WGx12rV8zIkso0VGLFR1wExpUPbuXriQoIpOCk-GDs7D8ivkFaw35O0douonISW1WCFFfFucMbosPCQC9GfC4FXaKMkG8tN3LrXY8e_3ZKH4ugEwcuf8tEO-I3PkG_-IjhYpNOpYY8SyxZfMWVGUT78h3u_-4gjxjASgseSmLFsA-X-ueqDCUhD7Uz6JnAPX9mDvRgYKx2BM7gUWPj9HWgI7ZIQUxp56FKBDErwdAkeZcv8JBkTQAuWvYCMwSqJMINK8Ln6CHxBs5ZatHNO-jimcQPUY2GI1RHpxC9nChnZE2SAeyt0lrACyCJ0gGbEQDFYscBW7k1uN2oYB2tZoKh7kdj3jykcXfJsvc36rAor4TSl1jhO2ehJFmVONgzJmcRJbvbTaSafR7vm-19Fdc9SArSXwEIJ0WW61Pz81nvS8AdxO1nQsQFXyDl_kcHH2rdXwty7FX95oK_NxbtI9DgNqhAGu6NnQ%3D%3D%7EIdGnvw2UDr36eg6uIYK-_yw0FFuIobHcWrWHhegdHQCBLm-ueEIxhan7lthSxDnOsray1Lg2GfYn5q6s0XOyJgq2LsB9aW-XNiyz79fZh0iqxGp1ndA4YUvnUa1MKlkqshiWUc0kGH6zQNV2MSjoPNiGegVUgceF-zZV0_FDTYesw4Lj6RCvmpGIJuWXp1RvevtKP7UfTTL1spqJLmXM6b8BaMHSc_GuV4X9hHZQWpgL9exL6PbuZivxpIopND38MgOz4eTpGUmm1VmA06XAPpxkTo2MYGH7Elf3FhZDf8w4yt-t1onhFypWB-KDQ7M0CDUPxeE_-hEwcJGPHm2psSBjj6IHyAaEKLSSCxLs2kjv0TVYpUI_y2neBLk-3QLxsVG3LlbWG0eUf1sAFQeBWLzm7nusAYWBqXuf%7EBp5q7zmaBncv4lWYBsG3azqdlLYdFr6EnsCv0m5e6nG_pFmfK-TMY-6dJXuRGn0G4iJenEAB79UB&amp;templateId=3881"}' style="display: flex; flex-direction: column; width: 124px; min-width: 124px; margin: 0px 12px 16px 12px">
             <div style="width: 124px; min-width: 124px; height: 124px; min-height: 124px; margin: 0px 0px 8px 0px; overflow: hidden">
              <img class="main-image" src="https://thumbnail2.coupangcdn.com/thumbnails/remote/292x292q65ex/image/vendor_inventory/e9db/58463fe4ffc6d02433922e14aed701bd4abc7815fcb9166c67563f0a98e8.jpg" style="vertical-align: top; height: 100%; object-fit: contain;border-radius: 0px 0px 0px 0px;"/>
             </div>
             <div style="-webkit-line-clamp: 2; overflow: hidden; display: -webkit-box!important; -webkit-box-orient: vertical; width: 100%;; margin: 0px 0px 4px 0px">
              <span class="product-title" style="font-size: 14px; font-weight: normal; color: rgba(33, 43, 54, 1); word-break: break-all; vertical-align: middle">
               수지스그릴드 닭가슴살 1.8kg 코스트코, 1개
              </span>
             </div>
             <div style="display: flex; flex-direction: row; -webkit-box-sizing: border-box; min-width: fit-content; width: fit-content; margin: 0px 0px 4px 0px; align-items: center">
              <div style="-webkit-line-clamp: 1; overflow: hidden; display: -webkit-box!important; -webkit-box-orient: vertical; min-width: fit-content; width: fit-content; margin: 0px 4px 0px 0px">
               <span style="font-size: 14px; font-weight: bold; color: rgba(203, 20, 0, 1); word-break: break-all; vertical-align: middle">
                24,600원
               </span>
              </div>
             </div>
             <div style="display: flex; flex-direction: column; min-width: fit-content; width: fit-content; margin: 0px 0px 4px 0px">
             </div>
             <div style="display: flex; flex-direction: row; -webkit-box-sizing: border-box; min-width: fit-content; width: fit-content">
             </div>
             <div style="display: flex; flex-direction: row; -webkit-box-sizing: border-box; min-width: fit-content; width: fit-content; align-items: flex-end">
              <div style="display: flex; min-width: fit-content; width: fit-content; height: 13px; min-height: 13px; margin: 0px 2px 0px 0px">
               <span style="display: block; background-image: url(//static.coupangcdn.com/image/cmg/common/rating-star/RDS.png); background-repeat: no-repeat; width: 60px; height: 12px; background-size: 60px 24px; background-position: 0 -12px">
                <em style="display: block; background-image: url(//static.coupangcdn.com/image/cmg/common/rating-star/RDS.png); background-repeat: no-repeat; width: 90%; height: 12px; background-size: 60px 24px; background-position: 0 0">
                </em>
               </span>
              </div>
              <div style="-webkit-line-clamp: 1; overflow: hidden; display: -webkit-box!important; -webkit-box-orient: vertical; min-width: fit-content; width: fit-content">
               <span style="font-size: 12px; font-weight: normal; color: rgba(118, 134, 149, 1); word-break: break-all; vertical-align: middle">
                (5,303)
               </span>
              </div>
             </div>
            </div>
            <div style="display: flex; flex-direction: column; width: 1px; min-width: 1px; align-self: stretch; margin: 0px 0px 16px 0px; background-color: rgba(238, 238, 238, 1)">
            </div>
           </div>
           <div style="display: flex; flex-direction: row; -webkit-box-sizing: border-box; min-width: fit-content; width: fit-content">
            <div class="cmg-dco-carousel-item cmg-dco-carousel-product" data-adsplatform='{"viewImpression": "https://mercury.coupang.com/e.gif?r=HEfXSEHY2FWK726MHHi1FKcG49LHCLXNYsWH0QlCjMGwH99eHoWbxqunXzA38M2HbDmosPNTZfB0E0-zIsWAWX9lU8WGx12rV8zIkso0VGLFR1wExpUPbuXriQoIpOCk-GDs7D8ivkFaw35O0douonISW1WCFFfFucMbosPCQC9GfC4FXaKMkG8tN3LrXY8e_3ZKH4ugEwcuf8tEO-I3PkG_-IjhYpNOpYY8SyxZfMWVGUT78h3u_-4gjxjASgseSmLFsA-X-ueqDCUhD7Uz6JnAPX9mDvRgYKx2BM7gUWPj9HWgI7ZIQUxp56FKBDErwdAkeZcv8JBkTQAuWvYCMwSqJMINK8Ln6CHxBs5ZatHNO-jimcQPUY2GI1RHpxC9nChnZE2SAeyt0lrACyCJ0gGbEQDFYscBW7k1uN2oYB2tZoKh7kdj3jykcXfJsvc36rAor4TSl1jhO2ehJFmVONgzJmcRJbvbTaSafR7vm-19Fdc9SArSXwEIJ0WW61Pz81nvS8AdxO1nQsQFXyDl_kcHH2rdXwty7FX95oK_NxbtI9DgNqhAGu6NnQ%3D%3D%7EJU1NMPA6Tj41XsWcJZ2kBs4zEVpaTK3kgO2wFCPKwOqp8zZEg0sh2J7vkFWB25_BiTa1-hOiNaMuCCUuj5cKae-Swn9OPNlOn8cmJAJ8PBorCC38sgU0-uqJcKJkq_fqn2wuJZdo31F5kZcbsEt99duOf52s39kBbLuorxoBaPYg7LSlpELa8DUH68rBWT0LMWZMRbpetA4pUSOctpMPQ-fOFOpxYFRQqBwRT9b81HTfDtDJS-5ioeTbiGJv_Lbl1npdDSUXyW4VEW8IYLVWCbTEYmBL6BIJ_3wtPkLMzBAmMZG68H37CCJ6RJjW5-fXMpLSb5F_64j8WZh_s66W7TcDrCBrJhL9IxcMmn6ldZdvxVVLIoHbSCOCf3ukJUZ9PoyS1cSE367IeVMFeD0KiA3AbNaRHxrAq4MEoBc%3D%7EBp5q7zmaBncv4lWYBsG3azqdlLYdFr6EnsCv0m5e6nG_pFmfK-TMY-6dJXuRGn0G4iJenEAB79UB&amp;templateId=3881"}' style="display: flex; flex-direction: column; width: 124px; min-width: 124px; margin: 0px 12px 16px 12px">
             <div style="width: 124px; min-width: 124px; height: 124px; min-height: 124px; margin: 0px 0px 8px 0px; overflow: hidden">
              <img class="main-image" src="https://thumbnail1.coupangcdn.com/thumbnails/remote/292x292q65ex/image/vendor_inventory/a97b/1ea827b23e11020b6b93877bb3a3834bd69822742c5dfb41a67a896fc172.jpg" style="vertical-align: top; height: 100%; object-fit: contain;border-radius: 0px 0px 0px 0px;"/>
             </div>
             <div style="-webkit-line-clamp: 100; overflow: hidden; display: -webkit-box!important; -webkit-box-orient: vertical; min-width: fit-content; width: fit-content; padding: 0px 0px 6px 0px">
              <span style="font-size: 12px; font-weight: bold; color: rgba(99, 115, 129, 1); word-break: break-all; vertical-align: middle">
               무료배송
              </span>
             </div>
             <div style="-webkit-line-clamp: 2; overflow: hidden; display: -webkit-box!important; -webkit-box-orient: vertical; width: 100%;; margin: 0px 0px 4px 0px">
              <span class="product-title" style="font-size: 14px; font-weight: normal; color: rgba(33, 43, 54, 1); word-break: break-all; vertical-align: middle">
               허닭 슬라이스 스팀 소스 닭가슴살 100g 4종 혼합, 50개
              </span>
             </div>
             <div style="display: flex; flex-direction: row; -webkit-box-sizing: border-box; min-width: fit-content; width: fit-content; margin: 0px 0px 4px 0px; align-items: center">
              <div style="-webkit-line-clamp: 1; overflow: hidden; display: -webkit-box!important; -webkit-box-orient: vertical; min-width: fit-content; width: fit-content; margin: 0px 4px 0px 0px">
               <span style="font-size: 14px; font-weight: bold; color: rgba(203, 20, 0, 1); word-break: break-all; vertical-align: middle">
                84,500원
               </span>
              </div>
             </div>
             <div style="display: flex; flex-direction: column; min-width: fit-content; width: fit-content; margin: 0px 0px 4px 0px">
             </div>
             <div style="display: flex; flex-direction: row; -webkit-box-sizing: border-box; min-width: fit-content; width: fit-content">
              <div style="display: flex; flex-direction: row; -webkit-box-sizing: border-box; min-width: fit-content; width: fit-content; height: 16px; min-height: 16px; padding: 0px 4px 1px 4px; margin: 0px 0px 6px 0px; background-color: rgba(225, 39, 5, 1); border-radius: 4px 4px 4px 4px; align-items: center">
               <div style="-webkit-line-clamp: 1; overflow: hidden; display: -webkit-box!important; -webkit-box-orient: vertical; min-width: fit-content; width: fit-content; margin: 0px 2px 0px 0px">
                <span style="font-size: 11px; font-weight: bold; color: rgba(255, 255, 255, 1); word-break: break-all; vertical-align: middle">
                 32%
                </span>
               </div>
               <div style="-webkit-line-clamp: 1; overflow: hidden; display: -webkit-box!important; -webkit-box-orient: vertical; min-width: fit-content; width: fit-content">
                <span style="font-size: 11px; font-weight: bold; color: rgba(255, 255, 255, 1); word-break: break-all; vertical-align: middle">
                 할인
                </span>
               </div>
              </div>
             </div>
             <div style="display: flex; flex-direction: row; -webkit-box-sizing: border-box; min-width: fit-content; width: fit-content; align-items: flex-end">
              <div style="display: flex; min-width: fit-content; width: fit-content; height: 13px; min-height: 13px; margin: 0px 2px 0px 0px">
               <span style="display: block; background-image: url(//static.coupangcdn.com/image/cmg/common/rating-star/RDS.png); background-repeat: no-repeat; width: 60px; height: 12px; background-size: 60px 24px; background-position: 0 -12px">
                <em style="display: block; background-image: url(//static.coupangcdn.com/image/cmg/common/rating-star/RDS.png); background-repeat: no-repeat; width: 90%; height: 12px; background-size: 60px 24px; background-position: 0 0">
                </em>
               </span>
              </div>
              <div style="-webkit-line-clamp: 1; overflow: hidden; display: -webkit-box!important; -webkit-box-orient: vertical; min-width: fit-content; width: fit-content">
               <span style="font-size: 12px; font-weight: normal; color: rgba(118, 134, 149, 1); word-break: break-all; vertical-align: middle">
                (1,743)
               </span>
              </div>
             </div>
            </div>
            <div style="display: flex; flex-direction: column; width: 1px; min-width: 1px; align-self: stretch; margin: 0px 0px 16px 0px; background-color: rgba(238, 238, 238, 1)">
            </div>
           </div>
           <div style="display: flex; flex-direction: row; -webkit-box-sizing: border-box; min-width: fit-content; width: fit-content">
            <div class="cmg-dco-carousel-item cmg-dco-carousel-product" data-adsplatform='{"viewImpression": "https://mercury.coupang.com/e.gif?r=HEfXSEHY2FWK726MHHi1FKcG49LHCLXNYsWH0QlCjMGwH99eHoWbxqunXzA38M2HbDmosPNTZfB0E0-zIsWAWX9lU8WGx12rV8zIkso0VGLFR1wExpUPbuXriQoIpOCk-GDs7D8ivkFaw35O0douonISW1WCFFfFucMbosPCQC9GfC4FXaKMkG8tN3LrXY8e_3ZKH4ugEwcuf8tEO-I3PkG_-IjhYpNOpYY8SyxZfMWVGUT78h3u_-4gjxjASgseSmLFsA-X-ueqDCUhD7Uz6JnAPX9mDvRgYKx2BM7gUWPj9HWgI7ZIQUxp56FKBDErwdAkeZcv8JBkTQAuWvYCMwSqJMINK8Ln6CHxBs5ZatHNO-jimcQPUY2GI1RHpxC9nChnZE2SAeyt0lrACyCJ0gGbEQDFYscBW7k1uN2oYB2tZoKh7kdj3jykcXfJsvc36rAor4TSl1jhO2ehJFmVONgzJmcRJbvbTaSafR7vm-19Fdc9SArSXwEIJ0WW61Pz81nvS8AdxO1nQsQFXyDl_kcHH2rdXwty7FX95oK_NxbtI9DgNqhAGu6NnQ%3D%3D%7ElRSKyVdo69g3aL6OlU8GXVgwtiWBrRtcXUlippO8CKH2CTLzXGN-qh7VEfiKMBAhrYNQivWSA16QffdM-WFp-d-w6TQitnBsvCLOyV0ZW88aXyhZXUZY6EmGGJ7L2jw9OAzIzA-beRK5d4o5iClcSsJnNwc7fNob3qQL_-_CmGc3Np6rUjy05lO2CI2a5IXJYLeZHetoBoBxN11ycmL2ZtIf2nQbAbU9A2eB0aaO0J4hPuPghzkvGQ29o1BNh_sxznI0utA_pT0kRQexwyAUdC9vPrs6nyenOZmayIyxLsM_-Knqezo3-yx_eGDqXjUHKHIBDl_bU26SKy1dV1o_aTB_FFJ9oM5VXshRxrs20LNroI9c9yZ2V-53PpA9RjW4Lb-TlWgE9YgtKvvIn1BZzpjpiwwHrKWDWdUy2g%3D%3D%7EBp5q7zmaBncv4lWYBsG3azqdlLYdFr6EnsCv0m5e6nG_pFmfK-TMY-6dJXuRGn0G4iJenEAB79UB&amp;templateId=3881"}' style="display: flex; flex-direction: column; width: 124px; min-width: 124px; margin: 0px 12px 16px 12px">
             <div style="width: 124px; min-width: 124px; height: 124px; min-height: 124px; margin: 0px 0px 8px 0px; overflow: hidden">
              <img class="main-image" src="https://thumbnail8.coupangcdn.com/thumbnails/remote/292x292q65ex/image/vendor_inventory/02a4/d35507a34402de570a76f7f73343345a7cfe3bff307e78b768e7f213204d.jpg" style="vertical-align: top; height: 100%; object-fit: contain;border-radius: 0px 0px 0px 0px;"/>
             </div>
             <div style="-webkit-line-clamp: 100; overflow: hidden; display: -webkit-box!important; -webkit-box-orient: vertical; min-width: fit-content; width: fit-content; padding: 0px 0px 6px 0px">
              <span style="font-size: 12px; font-weight: bold; color: rgba(99, 115, 129, 1); word-break: break-all; vertical-align: middle">
               무료배송
              </span>
             </div>
             <div style="-webkit-line-clamp: 2; overflow: hidden; display: -webkit-box!important; -webkit-box-orient: vertical; width: 100%;; margin: 0px 0px 4px 0px">
              <span class="product-title" style="font-size: 14px; font-weight: normal; color: rgba(33, 43, 54, 1); word-break: break-all; vertical-align: middle">
               햇살닭 더촉촉한 닭가슴살 외 12종 12팩(각 1팩씩) / 소스 / 혼합구성, 100g
              </span>
             </div>
             <div style="display: flex; flex-direction: row; -webkit-box-sizing: border-box; min-width: fit-content; width: fit-content; margin: 0px 0px 4px 0px; align-items: center">
              <div style="-webkit-line-clamp: 1; overflow: hidden; display: -webkit-box!important; -webkit-box-orient: vertical; min-width: fit-content; width: fit-content; margin: 0px 4px 0px 0px">
               <span style="font-size: 14px; font-weight: bold; color: rgba(203, 20, 0, 1); word-break: break-all; vertical-align: middle">
                18,800원
               </span>
              </div>
             </div>
             <div style="display: flex; flex-direction: column; min-width: fit-content; width: fit-content; margin: 0px 0px 4px 0px">
             </div>
             <div style="display: flex; flex-direction: row; -webkit-box-sizing: border-box; min-width: fit-content; width: fit-content">
              <div style="display: flex; flex-direction: row; -webkit-box-sizing: border-box; min-width: fit-content; width: fit-content; height: 16px; min-height: 16px; padding: 0px 4px 1px 4px; margin: 0px 0px 6px 0px; background-color: rgba(225, 39, 5, 1); border-radius: 4px 4px 4px 4px; align-items: center">
               <div style="-webkit-line-clamp: 1; overflow: hidden; display: -webkit-box!important; -webkit-box-orient: vertical; min-width: fit-content; width: fit-content; margin: 0px 2px 0px 0px">
                <span style="font-size: 11px; font-weight: bold; color: rgba(255, 255, 255, 1); word-break: break-all; vertical-align: middle">
                 41%
                </span>
               </div>
               <div style="-webkit-line-clamp: 1; overflow: hidden; display: -webkit-box!important; -webkit-box-orient: vertical; min-width: fit-content; width: fit-content">
                <span style="font-size: 11px; font-weight: bold; color: rgba(255, 255, 255, 1); word-break: break-all; vertical-align: middle">
                 할인
                </span>
               </div>
              </div>
             </div>
             <div style="display: flex; flex-direction: row; -webkit-box-sizing: border-box; min-width: fit-content; width: fit-content; align-items: flex-end">
              <div style="display: flex; min-width: fit-content; width: fit-content; height: 13px; min-height: 13px; margin: 0px 2px 0px 0px">
               <span style="display: block; background-image: url(//static.coupangcdn.com/image/cmg/common/rating-star/RDS.png); background-repeat: no-repeat; width: 60px; height: 12px; background-size: 60px 24px; background-position: 0 -12px">
                <em style="display: block; background-image: url(//static.coupangcdn.com/image/cmg/common/rating-star/RDS.png); background-repeat: no-repeat; width: 90%; height: 12px; background-size: 60px 24px; background-position: 0 0">
                </em>
               </span>
              </div>
              <div style="-webkit-line-clamp: 1; overflow: hidden; display: -webkit-box!important; -webkit-box-orient: vertical; min-width: fit-content; width: fit-content">
               <span style="font-size: 12px; font-weight: normal; color: rgba(118, 134, 149, 1); word-break: break-all; vertical-align: middle">
                (1,528)
               </span>
              </div>
             </div>
            </div>
            <div style="display: flex; flex-direction: column; width: 1px; min-width: 1px; align-self: stretch; margin: 0px 0px 16px 0px; background-color: rgba(238, 238, 238, 1)">
            </div>
           </div>
           <div style="display: flex; flex-direction: row; -webkit-box-sizing: border-box; min-width: fit-content; width: fit-content">
            <div class="cmg-dco-carousel-item cmg-dco-carousel-product" data-adsplatform='{"viewImpression": "https://mercury.coupang.com/e.gif?r=HEfXSEHY2FWK726MHHi1FKcG49LHCLXNYsWH0QlCjMGwH99eHoWbxqunXzA38M2HbDmosPNTZfB0E0-zIsWAWX9lU8WGx12rV8zIkso0VGLFR1wExpUPbuXriQoIpOCk-GDs7D8ivkFaw35O0douonISW1WCFFfFucMbosPCQC9GfC4FXaKMkG8tN3LrXY8e_3ZKH4ugEwcuf8tEO-I3PkG_-IjhYpNOpYY8SyxZfMWVGUT78h3u_-4gjxjASgseSmLFsA-X-ueqDCUhD7Uz6JnAPX9mDvRgYKx2BM7gUWPj9HWgI7ZIQUxp56FKBDErwdAkeZcv8JBkTQAuWvYCMwSqJMINK8Ln6CHxBs5ZatHNO-jimcQPUY2GI1RHpxC9nChnZE2SAeyt0lrACyCJ0gGbEQDFYscBW7k1uN2oYB2tZoKh7kdj3jykcXfJsvc36rAor4TSl1jhO2ehJFmVONgzJmcRJbvbTaSafR7vm-19Fdc9SArSXwEIJ0WW61Pz81nvS8AdxO1nQsQFXyDl_kcHH2rdXwty7FX95oK_NxbtI9DgNqhAGu6NnQ%3D%3D%7E9FFPXwSg2WGm8VvR9DhymVdksh5fchVqrxryPbZxB0rMJUZWxdfXTNI9lhkSmhqofEUc2TVXj_GabDMAI3XyPT0L_RskKc_3qZCykdMuRlHhBSEdpHzuk3YUEXk6Ga141sMkdW9BUluH2nHnGGEcac-0bPdVRjz6MUEcYwr05zpx4W2mjt486aJ-EnGCLlWDbMyj37tnv-SdciExeTEKNRyhuZwZ_gIL0uo9FAgJuYb1CureP-JrJqZ1vgUuRatKMse6-UDfcWk9qEKVkYOFV1nuem9K_433Q3jv_zvZhDA-b0XzDlfd5Xna2VNmeEsxb6BcC2P92dHPz0u8PtrZST0_OCa1XFaOOnZV3TxmfZiI1Mq4bOWHAPuZ2hWMFLEgwAv4qN2JqAdOK8Uz-iMAIebTt-0HdQbn35c%3D%7EBp5q7zmaBncv4lWYBsG3azqdlLYdFr6EnsCv0m5e6nG_pFmfK-TMY-6dJXuRGn0G4iJenEAB79UB&amp;templateId=3881"}' style="display: flex; flex-direction: column; width: 124px; min-width: 124px; margin: 0px 12px 16px 12px">
             <div style="width: 124px; min-width: 124px; height: 124px; min-height: 124px; margin: 0px 0px 8px 0px; overflow: hidden">
              <img class="main-image" src="https://thumbnail8.coupangcdn.com/thumbnails/remote/292x292q65ex/image/vendor_inventory/f76c/5db0437e8e1251b38efb7455d9b0683d6702afd83ce831beac82f728fe98.jpg" style="vertical-align: top; height: 100%; object-fit: contain;border-radius: 0px 0px 0px 0px;"/>
             </div>
             <div style="-webkit-line-clamp: 100; overflow: hidden; display: -webkit-box!important; -webkit-box-orient: vertical; min-width: fit-content; width: fit-content; padding: 0px 0px 6px 0px">
              <span style="font-size: 12px; font-weight: bold; color: rgba(99, 115, 129, 1); word-break: break-all; vertical-align: middle">
               무료배송
              </span>
             </div>
             <div style="-webkit-line-clamp: 2; overflow: hidden; display: -webkit-box!important; -webkit-box-orient: vertical; width: 100%;; margin: 0px 0px 4px 0px">
              <span class="product-title" style="font-size: 14px; font-weight: normal; color: rgba(33, 43, 54, 1); word-break: break-all; vertical-align: middle">
               랭킹닭컴 잇메이트 닭가슴살 스테이크 혼합구성, 100g, 15개
              </span>
             </div>
             <div style="display: flex; flex-direction: row; -webkit-box-sizing: border-box; min-width: fit-content; width: fit-content; margin: 0px 0px 4px 0px; align-items: center">
              <div style="-webkit-line-clamp: 1; overflow: hidden; display: -webkit-box!important; -webkit-box-orient: vertical; min-width: fit-content; width: fit-content; margin: 0px 4px 0px 0px">
               <span style="font-size: 14px; font-weight: bold; color: rgba(203, 20, 0, 1); word-break: break-all; vertical-align: middle">
                25,000원
               </span>
              </div>
             </div>
             <div style="display: flex; flex-direction: column; min-width: fit-content; width: fit-content; margin: 0px 0px 4px 0px">
             </div>
             <div style="display: flex; flex-direction: row; -webkit-box-sizing: border-box; min-width: fit-content; width: fit-content">
             </div>
             <div style="display: flex; flex-direction: row; -webkit-box-sizing: border-box; min-width: fit-content; width: fit-content; align-items: flex-end">
              <div style="display: flex; min-width: fit-content; width: fit-content; height: 13px; min-height: 13px; margin: 0px 2px 0px 0px">
               <span style="display: block; background-image: url(//static.coupangcdn.com/image/cmg/common/rating-star/RDS.png); background-repeat: no-repeat; width: 60px; height: 12px; background-size: 60px 24px; background-position: 0 -12px">
                <em style="display: block; background-image: url(//static.coupangcdn.com/image/cmg/common/rating-star/RDS.png); background-repeat: no-repeat; width: 100%; height: 12px; background-size: 60px 24px; background-position: 0 0">
                </em>
               </span>
              </div>
              <div style="-webkit-line-clamp: 1; overflow: hidden; display: -webkit-box!important; -webkit-box-orient: vertical; min-width: fit-content; width: fit-content">
               <span style="font-size: 12px; font-weight: normal; color: rgba(118, 134, 149, 1); word-break: break-all; vertical-align: middle">
                (9,999+)
               </span>
              </div>
             </div>
            </div>
            <div style="display: flex; flex-direction: column; width: 1px; min-width: 1px; align-self: stretch; margin: 0px 0px 16px 0px; background-color: rgba(238, 238, 238, 1)">
            </div>
           </div>
           <div style="display: flex; flex-direction: row; -webkit-box-sizing: border-box; min-width: fit-content; width: fit-content">
            <div class="cmg-dco-carousel-item cmg-dco-carousel-product" data-adsplatform='{"viewImpression": "https://mercury.coupang.com/e.gif?r=HEfXSEHY2FWK726MHHi1FKcG49LHCLXNYsWH0QlCjMGwH99eHoWbxqunXzA38M2HbDmosPNTZfB0E0-zIsWAWX9lU8WGx12rV8zIkso0VGLFR1wExpUPbuXriQoIpOCk-GDs7D8ivkFaw35O0douonISW1WCFFfFucMbosPCQC9GfC4FXaKMkG8tN3LrXY8e_3ZKH4ugEwcuf8tEO-I3PkG_-IjhYpNOpYY8SyxZfMWVGUT78h3u_-4gjxjASgseSmLFsA-X-ueqDCUhD7Uz6JnAPX9mDvRgYKx2BM7gUWPj9HWgI7ZIQUxp56FKBDErwdAkeZcv8JBkTQAuWvYCMwSqJMINK8Ln6CHxBs5ZatHNO-jimcQPUY2GI1RHpxC9nChnZE2SAeyt0lrACyCJ0gGbEQDFYscBW7k1uN2oYB2tZoKh7kdj3jykcXfJsvc36rAor4TSl1jhO2ehJFmVONgzJmcRJbvbTaSafR7vm-19Fdc9SArSXwEIJ0WW61Pz81nvS8AdxO1nQsQFXyDl_kcHH2rdXwty7FX95oK_NxbtI9DgNqhAGu6NnQ%3D%3D%7ELCarh7KOrhJzNO6sLHnaLoBZIRkwOMyQ8Hl1bxi_gEP5_PiX7nk9IzQbRA7DqaehrWjvujU2RzUBIrL4vIFSKd9xfThEvsb2YyQ6g-p3WPH_-n2lrPg-2VDsyJlrVAij977bdmEVcldHWBHKpGdYGl8mWCbopUGzwu9yWfXnXuV6xorX3Q23T9LpHHHCnNIHIQofWMoBIQQMfFSs5l0Xs0uI8Sfm8fbRuDpLQGwQGwf2d2mLmV3PczVt3RtBvIsJyZw_oXrhWUYCgPrAB9nWMABCE8uHVSrq3HFfYQFReI8x1g6mDyVgVGdqdxHy3qNQ7QKwiF9vXPMSZ_Y2RdfP9oVLE7W_MxrKaLIbydsUM5yUSDEYr66o6ajvEFjShyRD7QEgjj8EHYNDpdBmY4b6PYBbiNwFAdqKPJVJ%7EBp5q7zmaBncv4lWYBsG3azqdlLYdFr6EnsCv0m5e6nG_pFmfK-TMY-6dJXuRGn0G4iJenEAB79UB&amp;templateId=3881"}' style="display: flex; flex-direction: column; width: 124px; min-width: 124px; margin: 0px 12px 16px 12px">
             <div style="width: 124px; min-width: 124px; height: 124px; min-height: 124px; margin: 0px 0px 8px 0px; overflow: hidden">
              <img class="main-image" src="https://thumbnail12.coupangcdn.com/thumbnails/remote/292x292q65ex/image/vendor_inventory/0d51/ffa11465ee36115acb13bd242b419782b4d0d0cf7bddb63ecf8523669f5b.jpg" style="vertical-align: top; height: 100%; object-fit: contain;border-radius: 0px 0px 0px 0px;"/>
             </div>
             <div style="-webkit-line-clamp: 100; overflow: hidden; display: -webkit-box!important; -webkit-box-orient: vertical; min-width: fit-content; width: fit-content; padding: 0px 0px 6px 0px">
              <span style="font-size: 12px; font-weight: bold; color: rgba(99, 115, 129, 1); word-break: break-all; vertical-align: middle">
               무료배송
              </span>
             </div>
             <div style="-webkit-line-clamp: 2; overflow: hidden; display: -webkit-box!important; -webkit-box-orient: vertical; width: 100%;; margin: 0px 0px 4px 0px">
              <span class="product-title" style="font-size: 14px; font-weight: normal; color: rgba(33, 43, 54, 1); word-break: break-all; vertical-align: middle">
               햇살닭 더촉촉한 소스 닭가슴살 6종 12팩(각 2팩씩) 100g / 소스 / 혼합구성, 12개
              </span>
             </div>
             <div style="display: flex; flex-direction: row; -webkit-box-sizing: border-box; min-width: fit-content; width: fit-content; margin: 0px 0px 4px 0px; align-items: center">
              <div style="-webkit-line-clamp: 1; overflow: hidden; display: -webkit-box!important; -webkit-box-orient: vertical; min-width: fit-content; width: fit-content; margin: 0px 4px 0px 0px">
               <span style="font-size: 14px; font-weight: bold; color: rgba(203, 20, 0, 1); word-break: break-all; vertical-align: middle">
                18,800원
               </span>
              </div>
             </div>
             <div style="display: flex; flex-direction: column; min-width: fit-content; width: fit-content; margin: 0px 0px 4px 0px">
             </div>
             <div style="display: flex; flex-direction: row; -webkit-box-sizing: border-box; min-width: fit-content; width: fit-content">
              <div style="display: flex; flex-direction: row; -webkit-box-sizing: border-box; min-width: fit-content; width: fit-content; height: 16px; min-height: 16px; padding: 0px 4px 1px 4px; margin: 0px 0px 6px 0px; background-color: rgba(225, 39, 5, 1); border-radius: 4px 4px 4px 4px; align-items: center">
               <div style="-webkit-line-clamp: 1; overflow: hidden; display: -webkit-box!important; -webkit-box-orient: vertical; min-width: fit-content; width: fit-content; margin: 0px 2px 0px 0px">
                <span style="font-size: 11px; font-weight: bold; color: rgba(255, 255, 255, 1); word-break: break-all; vertical-align: middle">
                 41%
                </span>
               </div>
               <div style="-webkit-line-clamp: 1; overflow: hidden; display: -webkit-box!important; -webkit-box-orient: vertical; min-width: fit-content; width: fit-content">
                <span style="font-size: 11px; font-weight: bold; color: rgba(255, 255, 255, 1); word-break: break-all; vertical-align: middle">
                 할인
                </span>
               </div>
              </div>
             </div>
             <div style="display: flex; flex-direction: row; -webkit-box-sizing: border-box; min-width: fit-content; width: fit-content; align-items: flex-end">
              <div style="display: flex; min-width: fit-content; width: fit-content; height: 13px; min-height: 13px; margin: 0px 2px 0px 0px">
               <span style="display: block; background-image: url(//static.coupangcdn.com/image/cmg/common/rating-star/RDS.png); background-repeat: no-repeat; width: 60px; height: 12px; background-size: 60px 24px; background-position: 0 -12px">
                <em style="display: block; background-image: url(//static.coupangcdn.com/image/cmg/common/rating-star/RDS.png); background-repeat: no-repeat; width: 90%; height: 12px; background-size: 60px 24px; background-position: 0 0">
                </em>
               </span>
              </div>
              <div style="-webkit-line-clamp: 1; overflow: hidden; display: -webkit-box!important; -webkit-box-orient: vertical; min-width: fit-content; width: fit-content">
               <span style="font-size: 12px; font-weight: normal; color: rgba(118, 134, 149, 1); word-break: break-all; vertical-align: middle">
                (105)
               </span>
              </div>
             </div>
            </div>
            <div style="display: flex; flex-direction: column; width: 1px; min-width: 1px; align-self: stretch; margin: 0px 0px 16px 0px; background-color: rgba(238, 238, 238, 1)">
            </div>
           </div>
           <div style="display: flex; flex-direction: row; -webkit-box-sizing: border-box; min-width: fit-content; width: fit-content">
            <div class="cmg-dco-carousel-item cmg-dco-carousel-product" data-adsplatform='{"viewImpression": "https://mercury.coupang.com/e.gif?r=HEfXSEHY2FWK726MHHi1FKcG49LHCLXNYsWH0QlCjMGwH99eHoWbxqunXzA38M2HbDmosPNTZfB0E0-zIsWAWX9lU8WGx12rV8zIkso0VGLFR1wExpUPbuXriQoIpOCk-GDs7D8ivkFaw35O0douonISW1WCFFfFucMbosPCQC9GfC4FXaKMkG8tN3LrXY8e_3ZKH4ugEwcuf8tEO-I3PkG_-IjhYpNOpYY8SyxZfMWVGUT78h3u_-4gjxjASgseSmLFsA-X-ueqDCUhD7Uz6JnAPX9mDvRgYKx2BM7gUWPj9HWgI7ZIQUxp56FKBDErwdAkeZcv8JBkTQAuWvYCMwSqJMINK8Ln6CHxBs5ZatHNO-jimcQPUY2GI1RHpxC9nChnZE2SAeyt0lrACyCJ0gGbEQDFYscBW7k1uN2oYB2tZoKh7kdj3jykcXfJsvc36rAor4TSl1jhO2ehJFmVONgzJmcRJbvbTaSafR7vm-19Fdc9SArSXwEIJ0WW61Pz81nvS8AdxO1nQsQFXyDl_kcHH2rdXwty7FX95oK_NxbtI9DgNqhAGu6NnQ%3D%3D%7Ef-0piNWwFNP11Xxxf1LwTrXtSMVl9EyPDGIA4fiTYW5XwX1p4nZKtJ_6eY1DpmG9Hdd_xVPq7TmuY05ovt0oTE6Pwv1_fBxHHqzB5Nu2vFN-iydpkTkQVnlp05SaxPwOQoXL8az6J1CguZfm2HEo8rE82Ti53SZatAcBKK5hgRTb-9FOjxvBoD5Awdby600MQlWeIIOM4AZYRzsxgFui3dpI2iBXTz12s7u0tnQev3THnWB_10h_gaA1JQuP3moUWzftgtjpB8c8GSIQNHqlnDmiXGUDx4Jtn4_17n6ek2VTXWeGG2BzUFmT66jYjnHPwaLoi7TaSaIvMUvsVM_uXwwT868V_jZuGvz1k_Za-cwepiZQNq3mgYBQTdCi-N_cKoRTJ-73u3Q5huis9lQeBA4Q-Ao3ZBZrdyrQYQ%3D%3D%7EBp5q7zmaBncv4lWYBsG3azqdlLYdFr6EnsCv0m5e6nG_pFmfK-TMY-6dJXuRGn0G4iJenEAB79UB&amp;templateId=3881"}' style="display: flex; flex-direction: column; width: 124px; min-width: 124px; margin: 0px 12px 16px 12px">
             <div style="width: 124px; min-width: 124px; height: 124px; min-height: 124px; margin: 0px 0px 8px 0px; overflow: hidden">
              <img class="main-image" src="https://thumbnail4.coupangcdn.com/thumbnails/remote/292x292q65ex/image/vendor_inventory/7ac6/7d33371b2d2d63f1d824a96780f2537c56b50c1739e88969c1d69a85549b.jpg" style="vertical-align: top; height: 100%; object-fit: contain;border-radius: 0px 0px 0px 0px;"/>
             </div>
             <div style="-webkit-line-clamp: 100; overflow: hidden; display: -webkit-box!important; -webkit-box-orient: vertical; min-width: fit-content; width: fit-content; padding: 0px 0px 6px 0px">
              <span style="font-size: 12px; font-weight: bold; color: rgba(99, 115, 129, 1); word-break: break-all; vertical-align: middle">
               무료배송
              </span>
             </div>
             <div style="-webkit-line-clamp: 2; overflow: hidden; display: -webkit-box!important; -webkit-box-orient: vertical; width: 100%;; margin: 0px 0px 4px 0px">
              <span class="product-title" style="font-size: 14px; font-weight: normal; color: rgba(33, 43, 54, 1); word-break: break-all; vertical-align: middle">
               득근파티 슬라이스 닭가슴살 6종 혼합, 100g, 54개
              </span>
             </div>
             <div style="display: flex; flex-direction: row; -webkit-box-sizing: border-box; min-width: fit-content; width: fit-content; margin: 0px 0px 4px 0px; align-items: center">
              <div style="-webkit-line-clamp: 1; overflow: hidden; display: -webkit-box!important; -webkit-box-orient: vertical; min-width: fit-content; width: fit-content; margin: 0px 4px 0px 0px">
               <span style="font-size: 14px; font-weight: bold; color: rgba(203, 20, 0, 1); word-break: break-all; vertical-align: middle">
                75,160원
               </span>
              </div>
             </div>
             <div style="display: flex; flex-direction: column; min-width: fit-content; width: fit-content; margin: 0px 0px 4px 0px">
             </div>
             <div style="display: flex; flex-direction: row; -webkit-box-sizing: border-box; min-width: fit-content; width: fit-content">
              <div style="display: flex; flex-direction: row; -webkit-box-sizing: border-box; min-width: fit-content; width: fit-content; height: 16px; min-height: 16px; padding: 0px 4px 1px 4px; margin: 0px 0px 6px 0px; background-color: rgba(225, 39, 5, 1); border-radius: 4px 4px 4px 4px; align-items: center">
               <div style="-webkit-line-clamp: 1; overflow: hidden; display: -webkit-box!important; -webkit-box-orient: vertical; min-width: fit-content; width: fit-content; margin: 0px 2px 0px 0px">
                <span style="font-size: 11px; font-weight: bold; color: rgba(255, 255, 255, 1); word-break: break-all; vertical-align: middle">
                 57%
                </span>
               </div>
               <div style="-webkit-line-clamp: 1; overflow: hidden; display: -webkit-box!important; -webkit-box-orient: vertical; min-width: fit-content; width: fit-content">
                <span style="font-size: 11px; font-weight: bold; color: rgba(255, 255, 255, 1); word-break: break-all; vertical-align: middle">
                 할인
                </span>
               </div>
              </div>
             </div>
             <div style="display: flex; flex-direction: row; -webkit-box-sizing: border-box; min-width: fit-content; width: fit-content; align-items: flex-end">
              <div style="display: flex; min-width: fit-content; width: fit-content; height: 13px; min-height: 13px; margin: 0px 2px 0px 0px">
               <span style="display: block; background-image: url(//static.coupangcdn.com/image/cmg/common/rating-star/RDS.png); background-repeat: no-repeat; width: 60px; height: 12px; background-size: 60px 24px; background-position: 0 -12px">
                <em style="display: block; background-image: url(//static.coupangcdn.com/image/cmg/common/rating-star/RDS.png); background-repeat: no-repeat; width: 100%; height: 12px; background-size: 60px 24px; background-position: 0 0">
                </em>
               </span>
              </div>
              <div style="-webkit-line-clamp: 1; overflow: hidden; display: -webkit-box!important; -webkit-box-orient: vertical; min-width: fit-content; width: fit-content">
               <span style="font-size: 12px; font-weight: normal; color: rgba(118, 134, 149, 1); word-break: break-all; vertical-align: middle">
                (150)
               </span>
              </div>
             </div>
            </div>
            <div style="display: flex; flex-direction: column; width: 1px; min-width: 1px; align-self: stretch; margin: 0px 0px 16px 0px; background-color: rgba(238, 238, 238, 1)">
            </div>
           </div>
           <div style="display: flex; flex-direction: row; -webkit-box-sizing: border-box; min-width: fit-content; width: fit-content">
            <div class="cmg-dco-carousel-item cmg-dco-carousel-product" data-adsplatform='{"viewImpression": "https://mercury.coupang.com/e.gif?r=HEfXSEHY2FWK726MHHi1FKcG49LHCLXNYsWH0QlCjMGwH99eHoWbxqunXzA38M2HbDmosPNTZfB0E0-zIsWAWX9lU8WGx12rV8zIkso0VGLFR1wExpUPbuXriQoIpOCk-GDs7D8ivkFaw35O0douonISW1WCFFfFucMbosPCQC9GfC4FXaKMkG8tN3LrXY8e_3ZKH4ugEwcuf8tEO-I3PkG_-IjhYpNOpYY8SyxZfMWVGUT78h3u_-4gjxjASgseSmLFsA-X-ueqDCUhD7Uz6JnAPX9mDvRgYKx2BM7gUWPj9HWgI7ZIQUxp56FKBDErwdAkeZcv8JBkTQAuWvYCMwSqJMINK8Ln6CHxBs5ZatHNO-jimcQPUY2GI1RHpxC9nChnZE2SAeyt0lrACyCJ0gGbEQDFYscBW7k1uN2oYB2tZoKh7kdj3jykcXfJsvc36rAor4TSl1jhO2ehJFmVONgzJmcRJbvbTaSafR7vm-19Fdc9SArSXwEIJ0WW61Pz81nvS8AdxO1nQsQFXyDl_kcHH2rdXwty7FX95oK_NxbtI9DgNqhAGu6NnQ%3D%3D%7EJa9uz0hh3xrqLgxiJTaeN2EcoX0lL-C0R2Xp3m5leTRi-yIQ21wDPMduVXO9poSkc6CqKufSMrF11QoTtGgb0yfTQhjnw5EnLEpgz_NwUeCvNZoM0as929Gp3-QlRgIMBzybaJgyjNpcyyC2lMLefmjosg2F0mXQIyWSN32WUetIubRubnnH3m9Kk5sNvRB5grbGOp6q6acTTY1w_y-jm2K0BjeZ3pVh9yP_EuEAZptpz-KwlKVu_wldhe7poZppXCXgrHmE4fXNI5_CS0kJZYF_8qAkaoCLhTIidwHjZlDdSUj33QCyeLEeBw5a7SZh6YnC8JyKplCY3o8nS5J7_u0s0kt20FwFnwVRyet8rbM1ysaOQeU4x0x180_PcMIkQDUjIOw689zV8O3pjePONhfoVpb3UXKrUS8sTw%3D%3D%7EBp5q7zmaBncv4lWYBsG3azqdlLYdFr6EnsCv0m5e6nG_pFmfK-TMY-6dJXuRGn0G4iJenEAB79UB&amp;templateId=3881"}' style="display: flex; flex-direction: column; width: 124px; min-width: 124px; margin: 0px 12px 16px 12px">
             <div style="width: 124px; min-width: 124px; height: 124px; min-height: 124px; margin: 0px 0px 8px 0px; overflow: hidden">
              <img class="main-image" src="https://thumbnail14.coupangcdn.com/thumbnails/remote/292x292q65ex/image/vendor_inventory/abc6/300e70a73ee60f595cc6a98137834a6b4263bb2400aec1bca4e39b5b35b5.jpg" style="vertical-align: top; height: 100%; object-fit: contain;border-radius: 0px 0px 0px 0px;"/>
             </div>
             <div style="-webkit-line-clamp: 100; overflow: hidden; display: -webkit-box!important; -webkit-box-orient: vertical; min-width: fit-content; width: fit-content; padding: 0px 0px 6px 0px">
              <span style="font-size: 12px; font-weight: bold; color: rgba(99, 115, 129, 1); word-break: break-all; vertical-align: middle">
               무료배송
              </span>
             </div>
             <div style="-webkit-line-clamp: 2; overflow: hidden; display: -webkit-box!important; -webkit-box-orient: vertical; width: 100%;; margin: 0px 0px 4px 0px">
              <span class="product-title" style="font-size: 14px; font-weight: normal; color: rgba(33, 43, 54, 1); word-break: break-all; vertical-align: middle">
               [모던푸드] 무염 국내산 냉동 생 닭가슴살 5봉, 5개, 1kg
              </span>
             </div>
             <div style="display: flex; flex-direction: row; -webkit-box-sizing: border-box; min-width: fit-content; width: fit-content; margin: 0px 0px 4px 0px; align-items: center">
              <div style="-webkit-line-clamp: 1; overflow: hidden; display: -webkit-box!important; -webkit-box-orient: vertical; min-width: fit-content; width: fit-content; margin: 0px 4px 0px 0px">
               <span style="font-size: 14px; font-weight: bold; color: rgba(203, 20, 0, 1); word-break: break-all; vertical-align: middle">
                31,500원
               </span>
              </div>
             </div>
             <div style="display: flex; flex-direction: column; min-width: fit-content; width: fit-content; margin: 0px 0px 4px 0px">
             </div>
             <div style="display: flex; flex-direction: row; -webkit-box-sizing: border-box; min-width: fit-content; width: fit-content">
             </div>
             <div style="display: flex; flex-direction: row; -webkit-box-sizing: border-box; min-width: fit-content; width: fit-content; align-items: flex-end">
              <div style="display: flex; min-width: fit-content; width: fit-content; height: 13px; min-height: 13px; margin: 0px 2px 0px 0px">
               <span style="display: block; background-image: url(//static.coupangcdn.com/image/cmg/common/rating-star/RDS.png); background-repeat: no-repeat; width: 60px; height: 12px; background-size: 60px 24px; background-position: 0 -12px">
                <em style="display: block; background-image: url(//static.coupangcdn.com/image/cmg/common/rating-star/RDS.png); background-repeat: no-repeat; width: 90%; height: 12px; background-size: 60px 24px; background-position: 0 0">
                </em>
               </span>
              </div>
              <div style="-webkit-line-clamp: 1; overflow: hidden; display: -webkit-box!important; -webkit-box-orient: vertical; min-width: fit-content; width: fit-content">
               <span style="font-size: 12px; font-weight: normal; color: rgba(118, 134, 149, 1); word-break: break-all; vertical-align: middle">
                (66)
               </span>
              </div>
             </div>
            </div>
            <div style="display: flex; flex-direction: column; width: 1px; min-width: 1px; align-self: stretch; margin: 0px 0px 16px 0px; background-color: rgba(238, 238, 238, 1)">
            </div>
           </div>
           <div style="display: flex; flex-direction: row; -webkit-box-sizing: border-box; min-width: fit-content; width: fit-content">
            <div class="cmg-dco-carousel-item cmg-dco-carousel-product" data-adsplatform='{"viewImpression": "https://mercury.coupang.com/e.gif?r=HEfXSEHY2FWK726MHHi1FKcG49LHCLXNYsWH0QlCjMGwH99eHoWbxqunXzA38M2HbDmosPNTZfB0E0-zIsWAWX9lU8WGx12rV8zIkso0VGLFR1wExpUPbuXriQoIpOCk-GDs7D8ivkFaw35O0douonISW1WCFFfFucMbosPCQC9GfC4FXaKMkG8tN3LrXY8e_3ZKH4ugEwcuf8tEO-I3PkG_-IjhYpNOpYY8SyxZfMWVGUT78h3u_-4gjxjASgseSmLFsA-X-ueqDCUhD7Uz6JnAPX9mDvRgYKx2BM7gUWPj9HWgI7ZIQUxp56FKBDErwdAkeZcv8JBkTQAuWvYCMwSqJMINK8Ln6CHxBs5ZatHNO-jimcQPUY2GI1RHpxC9nChnZE2SAeyt0lrACyCJ0gGbEQDFYscBW7k1uN2oYB2tZoKh7kdj3jykcXfJsvc36rAor4TSl1jhO2ehJFmVONgzJmcRJbvbTaSafR7vm-19Fdc9SArSXwEIJ0WW61Pz81nvS8AdxO1nQsQFXyDl_kcHH2rdXwty7FX95oK_NxbtI9DgNqhAGu6NnQ%3D%3D%7E3Zvl4ZzuRnlCOOJX3eyaEADsiUYM2lDWGzOJvYV2SlfSLTII5U9FANQW-w7qP_x7JgWIxIVZhqN7qLAx1V5oxblvavtGmhm8c9fcOUc4f4in7V_4VQqpZg9fcIo6p2455A6Y77BoqY7sltpKek2ZrRskUgz8wON9NZ1AOpqBlcCa9PLtMCVXWUDzNa63Nl6_XNf4fgzLoFObperFtMqcW3VY36dbxKVP_Tx1loxN0QNvLhaQ8d2aXz-MPi2vWJ_NehOXRZT2thvBpt7uz3NK9aqvW2vZF3kQij95XLH5VK6AgkubicVKsu15rmGegxJNTiOfc7a62-vUteyus_r03BHsnnKRdVB1pfQM-SAyKW5Vnw80-dpbfFZPl3xRcbioSIiS_-TlLlEaaKBXYIhwKc3eZ6hyhqV0mHFXxy4%3D%7EBp5q7zmaBncv4lWYBsG3azqdlLYdFr6EnsCv0m5e6nG_pFmfK-TMY-6dJXuRGn0G4iJenEAB79UB&amp;templateId=3881"}' style="display: flex; flex-direction: column; width: 124px; min-width: 124px; margin: 0px 12px 16px 12px">
             <div style="width: 124px; min-width: 124px; height: 124px; min-height: 124px; margin: 0px 0px 8px 0px; overflow: hidden">
              <img class="main-image" src="https://thumbnail8.coupangcdn.com/thumbnails/remote/292x292q65ex/image/vendor_inventory/9e59/6f1bc13dc63310a8923cdd39a91791fa5ee7702b33024e76a7aa8cf3eb41.jpg" style="vertical-align: top; height: 100%; object-fit: contain;border-radius: 0px 0px 0px 0px;"/>
             </div>
             <div style="-webkit-line-clamp: 100; overflow: hidden; display: -webkit-box!important; -webkit-box-orient: vertical; min-width: fit-content; width: fit-content; padding: 0px 0px 6px 0px">
              <span style="font-size: 12px; font-weight: bold; color: rgba(99, 115, 129, 1); word-break: break-all; vertical-align: middle">
               무료배송
              </span>
             </div>
             <div style="-webkit-line-clamp: 2; overflow: hidden; display: -webkit-box!important; -webkit-box-orient: vertical; width: 100%;; margin: 0px 0px 4px 0px">
              <span class="product-title" style="font-size: 14px; font-weight: normal; color: rgba(33, 43, 54, 1); word-break: break-all; vertical-align: middle">
               킹닭 훈제 닭다리살 200g x 30팩 통닭다리살 통다리살 식단관리 닭다리 순살, 30개
              </span>
             </div>
             <div style="display: flex; flex-direction: row; -webkit-box-sizing: border-box; min-width: fit-content; width: fit-content; margin: 0px 0px 4px 0px; align-items: center">
              <div style="-webkit-line-clamp: 1; overflow: hidden; display: -webkit-box!important; -webkit-box-orient: vertical; min-width: fit-content; width: fit-content; margin: 0px 4px 0px 0px">
               <span style="font-size: 14px; font-weight: bold; color: rgba(203, 20, 0, 1); word-break: break-all; vertical-align: middle">
                89,900원
               </span>
              </div>
             </div>
             <div style="display: flex; flex-direction: column; min-width: fit-content; width: fit-content; margin: 0px 0px 4px 0px">
             </div>
             <div style="display: flex; flex-direction: row; -webkit-box-sizing: border-box; min-width: fit-content; width: fit-content">
             </div>
             <div style="display: flex; flex-direction: row; -webkit-box-sizing: border-box; min-width: fit-content; width: fit-content; align-items: flex-end">
              <div style="display: flex; min-width: fit-content; width: fit-content; height: 13px; min-height: 13px; margin: 0px 2px 0px 0px">
               <span style="display: block; background-image: url(//static.coupangcdn.com/image/cmg/common/rating-star/RDS.png); background-repeat: no-repeat; width: 60px; height: 12px; background-size: 60px 24px; background-position: 0 -12px">
                <em style="display: block; background-image: url(//static.coupangcdn.com/image/cmg/common/rating-star/RDS.png); background-repeat: no-repeat; width: 90%; height: 12px; background-size: 60px 24px; background-position: 0 0">
                </em>
               </span>
              </div>
              <div style="-webkit-line-clamp: 1; overflow: hidden; display: -webkit-box!important; -webkit-box-orient: vertical; min-width: fit-content; width: fit-content">
               <span style="font-size: 12px; font-weight: normal; color: rgba(118, 134, 149, 1); word-break: break-all; vertical-align: middle">
                (3,758)
               </span>
              </div>
             </div>
            </div>
            <div style="display: flex; flex-direction: column; width: 1px; min-width: 1px; align-self: stretch; margin: 0px 0px 16px 0px; background-color: rgba(238, 238, 238, 1)">
            </div>
           </div>
           <div style="display: flex; flex-direction: row; -webkit-box-sizing: border-box; min-width: fit-content; width: fit-content">
            <div class="cmg-dco-carousel-item cmg-dco-carousel-product" data-adsplatform='{"viewImpression": "https://mercury.coupang.com/e.gif?r=HEfXSEHY2FWK726MHHi1FKcG49LHCLXNYsWH0QlCjMGwH99eHoWbxqunXzA38M2HbDmosPNTZfB0E0-zIsWAWX9lU8WGx12rV8zIkso0VGLFR1wExpUPbuXriQoIpOCk-GDs7D8ivkFaw35O0douonISW1WCFFfFucMbosPCQC9GfC4FXaKMkG8tN3LrXY8e_3ZKH4ugEwcuf8tEO-I3PkG_-IjhYpNOpYY8SyxZfMWVGUT78h3u_-4gjxjASgseSmLFsA-X-ueqDCUhD7Uz6JnAPX9mDvRgYKx2BM7gUWPj9HWgI7ZIQUxp56FKBDErwdAkeZcv8JBkTQAuWvYCMwSqJMINK8Ln6CHxBs5ZatHNO-jimcQPUY2GI1RHpxC9nChnZE2SAeyt0lrACyCJ0gGbEQDFYscBW7k1uN2oYB2tZoKh7kdj3jykcXfJsvc36rAor4TSl1jhO2ehJFmVONgzJmcRJbvbTaSafR7vm-19Fdc9SArSXwEIJ0WW61Pz81nvS8AdxO1nQsQFXyDl_kcHH2rdXwty7FX95oK_NxbtI9DgNqhAGu6NnQ%3D%3D%7EEr8OLai2QU-Y-37pEpywEpwTwFrVtPl_5CplkpIzMTr1qVAHya78Mz_x0PaTwZnqUih6DavyoQz5HGo3Y9UgcbUYTvJ2qjAW3CgJtNQu5guR2Q7MjcFl10swHLSw8UiDQ3ztwwLDK95kQTXqdDExKby3zBrikI7GfRUM8788SheHqseSoYW_dJKIHL4JOmsBhaDm-sVcJ5xuO2FqydBj6tFTGW1Q9VVlsyDEaofOSty5DnQr7fchlCsFsQ71eu4TRnqFeoBy-z9zmGrNztZ7YEfD7DqINSil0ZqS5dxNHNU1fTMm_7YVpzCOxn1nO1jjmBtVqk2M9Jq06jrkg7_QSduBW8HqXKKiiGez5UWGemtu-nbaC_qn6kiuFtwiVoF1fLT0l9Q3PkLhZnMIPEQ1sQ03882kp6RkzHdSUw%3D%3D%7EBp5q7zmaBncv4lWYBsG3azqdlLYdFr6EnsCv0m5e6nG_pFmfK-TMY-6dJXuRGn0G4iJenEAB79UB&amp;templateId=3881"}' style="display: flex; flex-direction: column; width: 124px; min-width: 124px; margin: 0px 12px 16px 12px">
             <div style="width: 124px; min-width: 124px; height: 124px; min-height: 124px; margin: 0px 0px 8px 0px; overflow: hidden">
              <img class="main-image" src="https://thumbnail6.coupangcdn.com/thumbnails/remote/292x292q65ex/image/vendor_inventory/c5a0/5bd5469786da4b0fa6ce78b43142cf2719c4ad68137f4c3c18c562339e53.jpg" style="vertical-align: top; height: 100%; object-fit: contain;border-radius: 0px 0px 0px 0px;"/>
             </div>
             <div style="-webkit-line-clamp: 100; overflow: hidden; display: -webkit-box!important; -webkit-box-orient: vertical; min-width: fit-content; width: fit-content; padding: 0px 0px 6px 0px">
              <span style="font-size: 12px; font-weight: bold; color: rgba(99, 115, 129, 1); word-break: break-all; vertical-align: middle">
               무료배송
              </span>
             </div>
             <div style="-webkit-line-clamp: 2; overflow: hidden; display: -webkit-box!important; -webkit-box-orient: vertical; width: 100%;; margin: 0px 0px 4px 0px">
              <span class="product-title" style="font-size: 14px; font-weight: normal; color: rgba(33, 43, 54, 1); word-break: break-all; vertical-align: middle">
               국내산 닭가슴살 10kg. 1kg x 10 냉장, 10개, 1000g
              </span>
             </div>
             <div style="display: flex; flex-direction: row; -webkit-box-sizing: border-box; min-width: fit-content; width: fit-content; margin: 0px 0px 4px 0px; align-items: center">
              <div style="-webkit-line-clamp: 1; overflow: hidden; display: -webkit-box!important; -webkit-box-orient: vertical; min-width: fit-content; width: fit-content; margin: 0px 4px 0px 0px">
               <span style="font-size: 14px; font-weight: bold; color: rgba(203, 20, 0, 1); word-break: break-all; vertical-align: middle">
                55,000원
               </span>
              </div>
             </div>
             <div style="display: flex; flex-direction: column; min-width: fit-content; width: fit-content; margin: 0px 0px 4px 0px">
             </div>
             <div style="display: flex; flex-direction: row; -webkit-box-sizing: border-box; min-width: fit-content; width: fit-content">
             </div>
             <div style="display: flex; flex-direction: row; -webkit-box-sizing: border-box; min-width: fit-content; width: fit-content; align-items: flex-end">
              <div style="display: flex; min-width: fit-content; width: fit-content; height: 13px; min-height: 13px; margin: 0px 2px 0px 0px">
               <span style="display: block; background-image: url(//static.coupangcdn.com/image/cmg/common/rating-star/RDS.png); background-repeat: no-repeat; width: 60px; height: 12px; background-size: 60px 24px; background-position: 0 -12px">
                <em style="display: block; background-image: url(//static.coupangcdn.com/image/cmg/common/rating-star/RDS.png); background-repeat: no-repeat; width: 100%; height: 12px; background-size: 60px 24px; background-position: 0 0">
                </em>
               </span>
              </div>
              <div style="-webkit-line-clamp: 1; overflow: hidden; display: -webkit-box!important; -webkit-box-orient: vertical; min-width: fit-content; width: fit-content">
               <span style="font-size: 12px; font-weight: normal; color: rgba(118, 134, 149, 1); word-break: break-all; vertical-align: middle">
                (141)
               </span>
              </div>
             </div>
            </div>
            <div style="display: flex; flex-direction: column; width: 1px; min-width: 1px; align-self: stretch; margin: 0px 0px 16px 0px; background-color: rgba(238, 238, 238, 1)">
            </div>
           </div>
           <div style="display: flex; flex-direction: row; -webkit-box-sizing: border-box; min-width: fit-content; width: fit-content">
            <div class="cmg-dco-carousel-item cmg-dco-carousel-product" data-adsplatform='{"viewImpression": "https://mercury.coupang.com/e.gif?r=HEfXSEHY2FWK726MHHi1FKcG49LHCLXNYsWH0QlCjMGwH99eHoWbxqunXzA38M2HbDmosPNTZfB0E0-zIsWAWX9lU8WGx12rV8zIkso0VGLFR1wExpUPbuXriQoIpOCk-GDs7D8ivkFaw35O0douonISW1WCFFfFucMbosPCQC9GfC4FXaKMkG8tN3LrXY8e_3ZKH4ugEwcuf8tEO-I3PkG_-IjhYpNOpYY8SyxZfMWVGUT78h3u_-4gjxjASgseSmLFsA-X-ueqDCUhD7Uz6JnAPX9mDvRgYKx2BM7gUWPj9HWgI7ZIQUxp56FKBDErwdAkeZcv8JBkTQAuWvYCMwSqJMINK8Ln6CHxBs5ZatHNO-jimcQPUY2GI1RHpxC9nChnZE2SAeyt0lrACyCJ0gGbEQDFYscBW7k1uN2oYB2tZoKh7kdj3jykcXfJsvc36rAor4TSl1jhO2ehJFmVONgzJmcRJbvbTaSafR7vm-19Fdc9SArSXwEIJ0WW61Pz81nvS8AdxO1nQsQFXyDl_kcHH2rdXwty7FX95oK_NxbtI9DgNqhAGu6NnQ%3D%3D%7EHZfHevONwcT_z59MHaMzYyM5T_Thw33_IPAMVU2qAMoojCQ0UMS-4IcTcx0GyrUyh7t5bFtWVrgpt7TE7VKe9UxHeSTNtwPAXqYQz1wmRlLrKRFVj9BcYZ56vTLRjV0RyinDBokeD7-jLPhFFHiof4bqMKGKdU-k3-VoHnbp79TMa3fkhP9wHVSMVwr0iNLIRS59Q0nHsXzfk600FIzMAAeQisnL3ujHrSURAC05GNIplBGkhfdVsZ4eqVYmdkaWRIRKhWt-8NOSpg6XDJVs8SuRvi9VET_Eocwo29qXbdvLNjSBSTcN2tMB7AbOn69cYnVWmT1tAWDowcI0QRsyYATdpCvTeWKGiIQ7sNsPAedrwOUwJUouyJXj1XSDeXwZFol-Ulhh-ZJUHeVORbin7iP3q_i2sB4RAbA%3D%7EBp5q7zmaBncv4lWYBsG3azqdlLYdFr6EnsCv0m5e6nG_pFmfK-TMY-6dJXuRGn0G4iJenEAB79UB&amp;templateId=3881"}' style="display: flex; flex-direction: column; width: 124px; min-width: 124px; margin: 0px 12px 16px 12px">
             <div style="width: 124px; min-width: 124px; height: 124px; min-height: 124px; margin: 0px 0px 8px 0px; overflow: hidden">
              <img class="main-image" src="https://thumbnail7.coupangcdn.com/thumbnails/remote/292x292q65ex/image/product/image/vendoritem/2018/01/15/3055262955/bdddf399-05e9-4ae8-ba08-8739f2e093c8.jpg" style="vertical-align: top; height: 100%; object-fit: contain;border-radius: 0px 0px 0px 0px;"/>
             </div>
             <div style="-webkit-line-clamp: 100; overflow: hidden; display: -webkit-box!important; -webkit-box-orient: vertical; min-width: fit-content; width: fit-content; padding: 0px 0px 6px 0px">
              <span style="font-size: 12px; font-weight: bold; color: rgba(99, 115, 129, 1); word-break: break-all; vertical-align: middle">
               무료배송
              </span>
             </div>
             <div style="-webkit-line-clamp: 2; overflow: hidden; display: -webkit-box!important; -webkit-box-orient: vertical; width: 100%;; margin: 0px 0px 4px 0px">
              <span class="product-title" style="font-size: 14px; font-weight: normal; color: rgba(33, 43, 54, 1); word-break: break-all; vertical-align: middle">
               맛있닭 닭가슴살 스테이크 오리지널, 100g, 30개
              </span>
             </div>
             <div style="display: flex; flex-direction: row; -webkit-box-sizing: border-box; min-width: fit-content; width: fit-content; margin: 0px 0px 4px 0px; align-items: center">
              <div style="-webkit-line-clamp: 1; overflow: hidden; display: -webkit-box!important; -webkit-box-orient: vertical; min-width: fit-content; width: fit-content; margin: 0px 4px 0px 0px">
               <span style="font-size: 14px; font-weight: bold; color: rgba(203, 20, 0, 1); word-break: break-all; vertical-align: middle">
                57,700원
               </span>
              </div>
             </div>
             <div style="display: flex; flex-direction: column; min-width: fit-content; width: fit-content; margin: 0px 0px 4px 0px">
             </div>
             <div style="display: flex; flex-direction: row; -webkit-box-sizing: border-box; min-width: fit-content; width: fit-content">
             </div>
             <div style="display: flex; flex-direction: row; -webkit-box-sizing: border-box; min-width: fit-content; width: fit-content; align-items: flex-end">
              <div style="display: flex; min-width: fit-content; width: fit-content; height: 13px; min-height: 13px; margin: 0px 2px 0px 0px">
               <span style="display: block; background-image: url(//static.coupangcdn.com/image/cmg/common/rating-star/RDS.png); background-repeat: no-repeat; width: 60px; height: 12px; background-size: 60px 24px; background-position: 0 -12px">
                <em style="display: block; background-image: url(//static.coupangcdn.com/image/cmg/common/rating-star/RDS.png); background-repeat: no-repeat; width: 90%; height: 12px; background-size: 60px 24px; background-position: 0 0">
                </em>
               </span>
              </div>
              <div style="-webkit-line-clamp: 1; overflow: hidden; display: -webkit-box!important; -webkit-box-orient: vertical; min-width: fit-content; width: fit-content">
               <span style="font-size: 12px; font-weight: normal; color: rgba(118, 134, 149, 1); word-break: break-all; vertical-align: middle">
                (9,999+)
               </span>
              </div>
             </div>
            </div>
            <div style="display: flex; flex-direction: column; width: 1px; min-width: 1px; align-self: stretch; margin: 0px 0px 16px 0px; background-color: rgba(238, 238, 238, 1)">
            </div>
           </div>
           <div style="display: flex; flex-direction: row; -webkit-box-sizing: border-box; min-width: fit-content; width: fit-content">
            <div class="cmg-dco-carousel-item cmg-dco-carousel-product" data-adsplatform='{"viewImpression": "https://mercury.coupang.com/e.gif?r=HEfXSEHY2FWK726MHHi1FKcG49LHCLXNYsWH0QlCjMGwH99eHoWbxqunXzA38M2HbDmosPNTZfB0E0-zIsWAWX9lU8WGx12rV8zIkso0VGLFR1wExpUPbuXriQoIpOCk-GDs7D8ivkFaw35O0douonISW1WCFFfFucMbosPCQC9GfC4FXaKMkG8tN3LrXY8e_3ZKH4ugEwcuf8tEO-I3PkG_-IjhYpNOpYY8SyxZfMWVGUT78h3u_-4gjxjASgseSmLFsA-X-ueqDCUhD7Uz6JnAPX9mDvRgYKx2BM7gUWPj9HWgI7ZIQUxp56FKBDErwdAkeZcv8JBkTQAuWvYCMwSqJMINK8Ln6CHxBs5ZatHNO-jimcQPUY2GI1RHpxC9nChnZE2SAeyt0lrACyCJ0gGbEQDFYscBW7k1uN2oYB2tZoKh7kdj3jykcXfJsvc36rAor4TSl1jhO2ehJFmVONgzJmcRJbvbTaSafR7vm-19Fdc9SArSXwEIJ0WW61Pz81nvS8AdxO1nQsQFXyDl_kcHH2rdXwty7FX95oK_NxbtI9DgNqhAGu6NnQ%3D%3D%7E5RjUZHZX4y5ru78l5ZsW2cFNN0WIQ7YrlGxx3ZSwzoF1YBuYb71mAREdZjXtlG6kedciSjI5s-Yjt1VTG0_ZF2Yha-q3KJKGUDOYMwaZkbo9OaylX5OmGtXJOW7uUpGQpHGuBfbdcWzj3ApqgwtwDYOeXgGU8hYv41heb_ymsAkZzfUlF4lnnt_LjgC5EvzcaOIeGlqjGauaLTbB1LYa6HwXao7276_hVH3of8uV6lWIITFpgOJ55Vyib78IDm3ze2g5j3rN-bMi6MkkNV0Y5DEqa08MfgtRUR_0HGVfMvHmEQEVNi5i7fNtV8qZ8ClFdn2G0hrt34bOpLFfIE3lHtoNluAisq4UFZQrC5AWssKcipDLqpGolKzXa6f-2Uh3kxWpS8ij25Lc5OBmnFx1gLEw4LmmGL5iqw2ehAI%3D%7EBp5q7zmaBncv4lWYBsG3azqdlLYdFr6EnsCv0m5e6nG_pFmfK-TMY-6dJXuRGn0G4iJenEAB79UB&amp;templateId=3881"}' style="display: flex; flex-direction: column; width: 124px; min-width: 124px; margin: 0px 12px 16px 12px">
             <div style="width: 124px; min-width: 124px; height: 124px; min-height: 124px; margin: 0px 0px 8px 0px; overflow: hidden">
              <img class="main-image" src="https://thumbnail1.coupangcdn.com/thumbnails/remote/292x292q65ex/image/vendor_inventory/7675/d3dd62a8faa315ff4dc2a2dcb6a6bf2c5539c83cdd3d4db66796d63d1421.jpg" style="vertical-align: top; height: 100%; object-fit: contain;border-radius: 0px 0px 0px 0px;"/>
             </div>
             <div style="-webkit-line-clamp: 100; overflow: hidden; display: -webkit-box!important; -webkit-box-orient: vertical; min-width: fit-content; width: fit-content; padding: 0px 0px 6px 0px">
              <span style="font-size: 12px; font-weight: bold; color: rgba(99, 115, 129, 1); word-break: break-all; vertical-align: middle">
               무료배송
              </span>
             </div>
             <div style="-webkit-line-clamp: 2; overflow: hidden; display: -webkit-box!important; -webkit-box-orient: vertical; width: 100%;; margin: 0px 0px 4px 0px">
              <span class="product-title" style="font-size: 14px; font-weight: normal; color: rgba(33, 43, 54, 1); word-break: break-all; vertical-align: middle">
               푸드원 맛닭 냉장 훈제 닭가슴살 저염분, 100g, 60개
              </span>
             </div>
             <div style="display: flex; flex-direction: row; -webkit-box-sizing: border-box; min-width: fit-content; width: fit-content; margin: 0px 0px 4px 0px; align-items: center">
              <div style="-webkit-line-clamp: 1; overflow: hidden; display: -webkit-box!important; -webkit-box-orient: vertical; min-width: fit-content; width: fit-content; margin: 0px 4px 0px 0px">
               <span style="font-size: 14px; font-weight: bold; color: rgba(203, 20, 0, 1); word-break: break-all; vertical-align: middle">
                100,000원
               </span>
              </div>
             </div>
             <div style="display: flex; flex-direction: column; min-width: fit-content; width: fit-content; margin: 0px 0px 4px 0px">
             </div>
             <div style="display: flex; flex-direction: row; -webkit-box-sizing: border-box; min-width: fit-content; width: fit-content">
             </div>
             <div style="display: flex; flex-direction: row; -webkit-box-sizing: border-box; min-width: fit-content; width: fit-content; align-items: flex-end">
              <div style="display: flex; min-width: fit-content; width: fit-content; height: 13px; min-height: 13px; margin: 0px 2px 0px 0px">
               <span style="display: block; background-image: url(//static.coupangcdn.com/image/cmg/common/rating-star/RDS.png); background-repeat: no-repeat; width: 60px; height: 12px; background-size: 60px 24px; background-position: 0 -12px">
                <em style="display: block; background-image: url(//static.coupangcdn.com/image/cmg/common/rating-star/RDS.png); background-repeat: no-repeat; width: 90%; height: 12px; background-size: 60px 24px; background-position: 0 0">
                </em>
               </span>
              </div>
              <div style="-webkit-line-clamp: 1; overflow: hidden; display: -webkit-box!important; -webkit-box-orient: vertical; min-width: fit-content; width: fit-content">
               <span style="font-size: 12px; font-weight: normal; color: rgba(118, 134, 149, 1); word-break: break-all; vertical-align: middle">
                (2,268)
               </span>
              </div>
             </div>
            </div>
            <div style="display: flex; flex-direction: column; width: 1px; min-width: 1px; align-self: stretch; margin: 0px 0px 16px 0px; background-color: rgba(238, 238, 238, 1)">
            </div>
           </div>
           <div style="display: flex; flex-direction: row; -webkit-box-sizing: border-box; min-width: fit-content; width: fit-content">
            <div class="cmg-dco-carousel-item cmg-dco-carousel-product" data-adsplatform='{"viewImpression": "https://mercury.coupang.com/e.gif?r=HEfXSEHY2FWK726MHHi1FKcG49LHCLXNYsWH0QlCjMGwH99eHoWbxqunXzA38M2HbDmosPNTZfB0E0-zIsWAWX9lU8WGx12rV8zIkso0VGLFR1wExpUPbuXriQoIpOCk-GDs7D8ivkFaw35O0douonISW1WCFFfFucMbosPCQC9GfC4FXaKMkG8tN3LrXY8e_3ZKH4ugEwcuf8tEO-I3PkG_-IjhYpNOpYY8SyxZfMWVGUT78h3u_-4gjxjASgseSmLFsA-X-ueqDCUhD7Uz6JnAPX9mDvRgYKx2BM7gUWPj9HWgI7ZIQUxp56FKBDErwdAkeZcv8JBkTQAuWvYCMwSqJMINK8Ln6CHxBs5ZatHNO-jimcQPUY2GI1RHpxC9nChnZE2SAeyt0lrACyCJ0gGbEQDFYscBW7k1uN2oYB2tZoKh7kdj3jykcXfJsvc36rAor4TSl1jhO2ehJFmVONgzJmcRJbvbTaSafR7vm-19Fdc9SArSXwEIJ0WW61Pz81nvS8AdxO1nQsQFXyDl_kcHH2rdXwty7FX95oK_NxbtI9DgNqhAGu6NnQ%3D%3D%7E5MG_nLpVhaGPzbjL5Ebhe_XnPv6-kqW3Jyu3z7uSzi_KDnqV3_VPTABuoeJxyoVR_ZZ5h5gM_6abTKamcGJqmnFR76lUgh_kEVDEvX2jyyGcPwW4SUCfcnUxz2tVQCmswLdm7BGI353lRzskJOx4Vn6cFn0L5oNvCu7ubxvCImNUCtTx_nbMSQbefBS-kDmq3WAn52jMekUY3RQDJooVYp1PoAGKAzQ0Oq6Xftw0s9BtZinEKjb4ch5Rs25ntTtwhDxSwxv6Aq2hBW5jNRnlNNho-6aqZZf6-S-WsyMwKdKOOkr0nJX3VvzLttlgqlsTxq3969px_kXnFlAW_IW9pYbyAEly2EyVBay15gKL24n-fkCKJL42EA9kNUCSh6neC5eD4WqB2vgT4TC9KVQoEKNJP1oUG6Ca8DxpyQ%3D%3D%7EBp5q7zmaBncv4lWYBsG3azqdlLYdFr6EnsCv0m5e6nG_pFmfK-TMY-6dJXuRGn0G4iJenEAB79UB&amp;templateId=3881"}' style="display: flex; flex-direction: column; width: 124px; min-width: 124px; margin: 0px 12px 16px 12px">
             <div style="width: 124px; min-width: 124px; height: 124px; min-height: 124px; margin: 0px 0px 8px 0px; overflow: hidden">
              <img class="main-image" src="https://thumbnail13.coupangcdn.com/thumbnails/remote/292x292q65ex/image/vendor_inventory/f181/704c145a104a1ec8275707ea13a012e1d35a86e5024b7b202bc5af26d464.jpg" style="vertical-align: top; height: 100%; object-fit: contain;border-radius: 0px 0px 0px 0px;"/>
             </div>
             <div style="-webkit-line-clamp: 100; overflow: hidden; display: -webkit-box!important; -webkit-box-orient: vertical; min-width: fit-content; width: fit-content; padding: 0px 0px 6px 0px">
              <span style="font-size: 12px; font-weight: bold; color: rgba(99, 115, 129, 1); word-break: break-all; vertical-align: middle">
               무료배송
              </span>
             </div>
             <div style="-webkit-line-clamp: 2; overflow: hidden; display: -webkit-box!important; -webkit-box-orient: vertical; width: 100%;; margin: 0px 0px 4px 0px">
              <span class="product-title" style="font-size: 14px; font-weight: normal; color: rgba(33, 43, 54, 1); word-break: break-all; vertical-align: middle">
               햇살닭 더촉촉한 닭가슴살 100g 9종 18팩(각 2팩씩) / 소스 / 혼합구성, 1세트
              </span>
             </div>
             <div style="display: flex; flex-direction: row; -webkit-box-sizing: border-box; min-width: fit-content; width: fit-content; margin: 0px 0px 4px 0px; align-items: center">
              <div style="-webkit-line-clamp: 1; overflow: hidden; display: -webkit-box!important; -webkit-box-orient: vertical; min-width: fit-content; width: fit-content; margin: 0px 4px 0px 0px">
               <span style="font-size: 14px; font-weight: bold; color: rgba(203, 20, 0, 1); word-break: break-all; vertical-align: middle">
                27,800원
               </span>
              </div>
             </div>
             <div style="display: flex; flex-direction: column; min-width: fit-content; width: fit-content; margin: 0px 0px 4px 0px">
             </div>
             <div style="display: flex; flex-direction: row; -webkit-box-sizing: border-box; min-width: fit-content; width: fit-content">
              <div style="display: flex; flex-direction: row; -webkit-box-sizing: border-box; min-width: fit-content; width: fit-content; height: 16px; min-height: 16px; padding: 0px 4px 1px 4px; margin: 0px 0px 6px 0px; background-color: rgba(225, 39, 5, 1); border-radius: 4px 4px 4px 4px; align-items: center">
               <div style="-webkit-line-clamp: 1; overflow: hidden; display: -webkit-box!important; -webkit-box-orient: vertical; min-width: fit-content; width: fit-content; margin: 0px 2px 0px 0px">
                <span style="font-size: 11px; font-weight: bold; color: rgba(255, 255, 255, 1); word-break: break-all; vertical-align: middle">
                 42%
                </span>
               </div>
               <div style="-webkit-line-clamp: 1; overflow: hidden; display: -webkit-box!important; -webkit-box-orient: vertical; min-width: fit-content; width: fit-content">
                <span style="font-size: 11px; font-weight: bold; color: rgba(255, 255, 255, 1); word-break: break-all; vertical-align: middle">
                 할인
                </span>
               </div>
              </div>
             </div>
             <div style="display: flex; flex-direction: row; -webkit-box-sizing: border-box; min-width: fit-content; width: fit-content; align-items: flex-end">
              <div style="display: flex; min-width: fit-content; width: fit-content; height: 13px; min-height: 13px; margin: 0px 2px 0px 0px">
               <span style="display: block; background-image: url(//static.coupangcdn.com/image/cmg/common/rating-star/RDS.png); background-repeat: no-repeat; width: 60px; height: 12px; background-size: 60px 24px; background-position: 0 -12px">
                <em style="display: block; background-image: url(//static.coupangcdn.com/image/cmg/common/rating-star/RDS.png); background-repeat: no-repeat; width: 100%; height: 12px; background-size: 60px 24px; background-position: 0 0">
                </em>
               </span>
              </div>
              <div style="-webkit-line-clamp: 1; overflow: hidden; display: -webkit-box!important; -webkit-box-orient: vertical; min-width: fit-content; width: fit-content">
               <span style="font-size: 12px; font-weight: normal; color: rgba(118, 134, 149, 1); word-break: break-all; vertical-align: middle">
                (129)
               </span>
              </div>
             </div>
            </div>
            <div style="display: flex; flex-direction: column; width: 1px; min-width: 1px; align-self: stretch; margin: 0px 0px 16px 0px; background-color: rgba(238, 238, 238, 1)">
            </div>
           </div>
           <div style="display: flex; flex-direction: row; -webkit-box-sizing: border-box; min-width: fit-content; width: fit-content">
            <div class="cmg-dco-carousel-item cmg-dco-carousel-product" data-adsplatform='{"viewImpression": "https://mercury.coupang.com/e.gif?r=HEfXSEHY2FWK726MHHi1FKcG49LHCLXNYsWH0QlCjMGwH99eHoWbxqunXzA38M2HbDmosPNTZfB0E0-zIsWAWX9lU8WGx12rV8zIkso0VGLFR1wExpUPbuXriQoIpOCk-GDs7D8ivkFaw35O0douonISW1WCFFfFucMbosPCQC9GfC4FXaKMkG8tN3LrXY8e_3ZKH4ugEwcuf8tEO-I3PkG_-IjhYpNOpYY8SyxZfMWVGUT78h3u_-4gjxjASgseSmLFsA-X-ueqDCUhD7Uz6JnAPX9mDvRgYKx2BM7gUWPj9HWgI7ZIQUxp56FKBDErwdAkeZcv8JBkTQAuWvYCMwSqJMINK8Ln6CHxBs5ZatHNO-jimcQPUY2GI1RHpxC9nChnZE2SAeyt0lrACyCJ0gGbEQDFYscBW7k1uN2oYB2tZoKh7kdj3jykcXfJsvc36rAor4TSl1jhO2ehJFmVONgzJmcRJbvbTaSafR7vm-19Fdc9SArSXwEIJ0WW61Pz81nvS8AdxO1nQsQFXyDl_kcHH2rdXwty7FX95oK_NxbtI9DgNqhAGu6NnQ%3D%3D%7Ezgm1wEZ4vnV3alEYzrbpim9QOo7DFxX_YDN7h95Wgzp3YycQmYxT3fxx877RunEfYlTfqRRmYr-Xlwb4vvqiVKrxaynhGlJmgo-FKnxgxSUtgNUmDwqhe0QyoROab0saypeY_wEV98eLud4T_u0HmiJgpS7V5PzgyMUfwzzgxuhk2LipXnjsq2sO9miluEzXDmQgV4KDWjCKl453YbYUEHwqyTWksYpHyVzM8AS8EtoXYopvqj9rPSsP845NYZ4IdyUD5prHjkFAs1-kBIFyhPL-0Ss7aHelCYmQ0tzS_QRZRpPNwJoHEO1YXlWagQT1za0SptCdIGPJn7cbMaOIxVuEvEjoZBLqu26Unq3VIkHNDACK5sfEM2uHpbD80SNvRsI2pl1r2hm1hTAzdkJRtioCgglQTdNXLUY%3D%7EBp5q7zmaBncv4lWYBsG3azqdlLYdFr6EnsCv0m5e6nG_pFmfK-TMY-6dJXuRGn0G4iJenEAB79UB&amp;templateId=3881"}' style="display: flex; flex-direction: column; width: 124px; min-width: 124px; margin: 0px 12px 16px 12px">
             <div style="width: 124px; min-width: 124px; height: 124px; min-height: 124px; margin: 0px 0px 8px 0px; overflow: hidden">
              <img class="main-image" src="https://thumbnail1.coupangcdn.com/thumbnails/remote/292x292q65ex/image/vendor_inventory/d4f1/5cf15e2748165ccd03efd1cfb8633b337f5062acc2cab2b0920adcc08d80.jpg" style="vertical-align: top; height: 100%; object-fit: contain;border-radius: 0px 0px 0px 0px;"/>
             </div>
             <div style="-webkit-line-clamp: 100; overflow: hidden; display: -webkit-box!important; -webkit-box-orient: vertical; min-width: fit-content; width: fit-content; padding: 0px 0px 6px 0px">
              <span style="font-size: 12px; font-weight: bold; color: rgba(99, 115, 129, 1); word-break: break-all; vertical-align: middle">
               무료배송
              </span>
             </div>
             <div style="-webkit-line-clamp: 2; overflow: hidden; display: -webkit-box!important; -webkit-box-orient: vertical; width: 100%;; margin: 0px 0px 4px 0px">
              <span class="product-title" style="font-size: 14px; font-weight: normal; color: rgba(33, 43, 54, 1); word-break: break-all; vertical-align: middle">
               육식토끼 소프트 닭가슴살 100g 3kg 30팩 혼합 3가지맛, 1세트
              </span>
             </div>
             <div style="display: flex; flex-direction: row; -webkit-box-sizing: border-box; min-width: fit-content; width: fit-content; margin: 0px 0px 4px 0px; align-items: center">
              <div style="-webkit-line-clamp: 1; overflow: hidden; display: -webkit-box!important; -webkit-box-orient: vertical; min-width: fit-content; width: fit-content; margin: 0px 4px 0px 0px">
               <span style="font-size: 14px; font-weight: bold; color: rgba(203, 20, 0, 1); word-break: break-all; vertical-align: middle">
                58,900원
               </span>
              </div>
             </div>
             <div style="display: flex; flex-direction: column; min-width: fit-content; width: fit-content; margin: 0px 0px 4px 0px">
             </div>
             <div style="display: flex; flex-direction: row; -webkit-box-sizing: border-box; min-width: fit-content; width: fit-content">
             </div>
             <div style="display: flex; flex-direction: row; -webkit-box-sizing: border-box; min-width: fit-content; width: fit-content; align-items: flex-end">
              <div style="display: flex; min-width: fit-content; width: fit-content; height: 13px; min-height: 13px; margin: 0px 2px 0px 0px">
               <span style="display: block; background-image: url(//static.coupangcdn.com/image/cmg/common/rating-star/RDS.png); background-repeat: no-repeat; width: 60px; height: 12px; background-size: 60px 24px; background-position: 0 -12px">
                <em style="display: block; background-image: url(//static.coupangcdn.com/image/cmg/common/rating-star/RDS.png); background-repeat: no-repeat; width: 90%; height: 12px; background-size: 60px 24px; background-position: 0 0">
                </em>
               </span>
              </div>
              <div style="-webkit-line-clamp: 1; overflow: hidden; display: -webkit-box!important; -webkit-box-orient: vertical; min-width: fit-content; width: fit-content">
               <span style="font-size: 12px; font-weight: normal; color: rgba(118, 134, 149, 1); word-break: break-all; vertical-align: middle">
                (3,461)
               </span>
              </div>
             </div>
            </div>
            <div style="display: flex; flex-direction: column; width: 1px; min-width: 1px; align-self: stretch; margin: 0px 0px 16px 0px; background-color: rgba(238, 238, 238, 1)">
            </div>
           </div>
           <div style="display: flex; flex-direction: row; -webkit-box-sizing: border-box; min-width: fit-content; width: fit-content">
            <div class="cmg-dco-carousel-item cmg-dco-carousel-product" data-adsplatform='{"viewImpression": "https://mercury.coupang.com/e.gif?r=HEfXSEHY2FWK726MHHi1FKcG49LHCLXNYsWH0QlCjMGwH99eHoWbxqunXzA38M2HbDmosPNTZfB0E0-zIsWAWX9lU8WGx12rV8zIkso0VGLFR1wExpUPbuXriQoIpOCk-GDs7D8ivkFaw35O0douonISW1WCFFfFucMbosPCQC9GfC4FXaKMkG8tN3LrXY8e_3ZKH4ugEwcuf8tEO-I3PkG_-IjhYpNOpYY8SyxZfMWVGUT78h3u_-4gjxjASgseSmLFsA-X-ueqDCUhD7Uz6JnAPX9mDvRgYKx2BM7gUWPj9HWgI7ZIQUxp56FKBDErwdAkeZcv8JBkTQAuWvYCMwSqJMINK8Ln6CHxBs5ZatHNO-jimcQPUY2GI1RHpxC9nChnZE2SAeyt0lrACyCJ0gGbEQDFYscBW7k1uN2oYB2tZoKh7kdj3jykcXfJsvc36rAor4TSl1jhO2ehJFmVONgzJmcRJbvbTaSafR7vm-19Fdc9SArSXwEIJ0WW61Pz81nvS8AdxO1nQsQFXyDl_kcHH2rdXwty7FX95oK_NxbtI9DgNqhAGu6NnQ%3D%3D%7E5do-dLJvLCZN0DAf5aHQRrfqfGrtFRC7JOBx_177hVkrn89HVPCHIscOEbE5enHJLYodBZnRpFtjUcJ0kQrxDPasnP9vj-LEHfxo9GTrpq__tsv0fvTRFhzl5vCFblNH1FdC74rTbo-eIhfyCWq-xKiV6dXizwW_oAUtfRDTKTpuVIAYy_guSVgCBxMAVQFs1gb7t38jHwF7LMfpZB8jWGky3RkJXwsg1-gdXhiEc57zYp5KPYTgjrluGfrcqqDRssb5_XZrj2gQ5gdh_VI173qKfwDsliXAFwTyoxkZ5VYRXrouKjulGfjWduyFqm3oC843pzjVFBgD5HZvMPihNOR0L467xLJ27IU9AAu_kK6UmQlC0VkGRqxlE-U7JUfSDPQm0pTjfgsiMHOXhSIVUBrd0lAQjzwQkdiF8JE%3D%7EBp5q7zmaBncv4lWYBsG3azqdlLYdFr6EnsCv0m5e6nG_pFmfK-TMY-6dJXuRGn0G4iJenEAB79UB&amp;templateId=3881"}' style="display: flex; flex-direction: column; width: 124px; min-width: 124px; margin: 0px 12px 16px 12px">
             <div style="width: 124px; min-width: 124px; height: 124px; min-height: 124px; margin: 0px 0px 8px 0px; overflow: hidden">
              <img class="main-image" src="https://thumbnail10.coupangcdn.com/thumbnails/remote/292x292q65ex/image/vendor_inventory/fab0/e991dcaab43d30addbb50d8451c2e937d280e076171a51bd07d4d9fe9775.jpg" style="vertical-align: top; height: 100%; object-fit: contain;border-radius: 0px 0px 0px 0px;"/>
             </div>
             <div style="-webkit-line-clamp: 100; overflow: hidden; display: -webkit-box!important; -webkit-box-orient: vertical; min-width: fit-content; width: fit-content; padding: 0px 0px 6px 0px">
              <span style="font-size: 12px; font-weight: bold; color: rgba(99, 115, 129, 1); word-break: break-all; vertical-align: middle">
               무료배송
              </span>
             </div>
             <div style="-webkit-line-clamp: 2; overflow: hidden; display: -webkit-box!important; -webkit-box-orient: vertical; width: 100%;; margin: 0px 0px 4px 0px">
              <span class="product-title" style="font-size: 14px; font-weight: normal; color: rgba(33, 43, 54, 1); word-break: break-all; vertical-align: middle">
               서동 맛에 반했닭 닭가슴살 (통구이마늘4 + 유린기4 + 떡볶이4 + 양념치킨4 + 왕갈비4 / 총 20팩), 20팩, 100g
              </span>
             </div>
             <div style="display: flex; flex-direction: row; -webkit-box-sizing: border-box; min-width: fit-content; width: fit-content; margin: 0px 0px 4px 0px; align-items: center">
              <div style="-webkit-line-clamp: 1; overflow: hidden; display: -webkit-box!important; -webkit-box-orient: vertical; min-width: fit-content; width: fit-content; margin: 0px 4px 0px 0px">
               <span style="font-size: 14px; font-weight: bold; color: rgba(203, 20, 0, 1); word-break: break-all; vertical-align: middle">
                31,060원
               </span>
              </div>
             </div>
             <div style="display: flex; flex-direction: column; min-width: fit-content; width: fit-content; margin: 0px 0px 4px 0px">
             </div>
             <div style="display: flex; flex-direction: row; -webkit-box-sizing: border-box; min-width: fit-content; width: fit-content">
             </div>
             <div style="display: flex; flex-direction: row; -webkit-box-sizing: border-box; min-width: fit-content; width: fit-content; align-items: flex-end">
              <div style="display: flex; min-width: fit-content; width: fit-content; height: 13px; min-height: 13px; margin: 0px 2px 0px 0px">
               <span style="display: block; background-image: url(//static.coupangcdn.com/image/cmg/common/rating-star/RDS.png); background-repeat: no-repeat; width: 60px; height: 12px; background-size: 60px 24px; background-position: 0 -12px">
                <em style="display: block; background-image: url(//static.coupangcdn.com/image/cmg/common/rating-star/RDS.png); background-repeat: no-repeat; width: 90%; height: 12px; background-size: 60px 24px; background-position: 0 0">
                </em>
               </span>
              </div>
              <div style="-webkit-line-clamp: 1; overflow: hidden; display: -webkit-box!important; -webkit-box-orient: vertical; min-width: fit-content; width: fit-content">
               <span style="font-size: 12px; font-weight: normal; color: rgba(118, 134, 149, 1); word-break: break-all; vertical-align: middle">
                (340)
               </span>
              </div>
             </div>
            </div>
            <div style="display: flex; flex-direction: column; width: 1px; min-width: 1px; align-self: stretch; margin: 0px 0px 16px 0px; background-color: rgba(238, 238, 238, 1)">
            </div>
           </div>
           <div style="display: flex; flex-direction: row; -webkit-box-sizing: border-box; min-width: fit-content; width: fit-content">
            <div class="cmg-dco-carousel-item cmg-dco-carousel-product" data-adsplatform='{"viewImpression": "https://mercury.coupang.com/e.gif?r=HEfXSEHY2FWK726MHHi1FKcG49LHCLXNYsWH0QlCjMGwH99eHoWbxqunXzA38M2HbDmosPNTZfB0E0-zIsWAWX9lU8WGx12rV8zIkso0VGLFR1wExpUPbuXriQoIpOCk-GDs7D8ivkFaw35O0douonISW1WCFFfFucMbosPCQC9GfC4FXaKMkG8tN3LrXY8e_3ZKH4ugEwcuf8tEO-I3PkG_-IjhYpNOpYY8SyxZfMWVGUT78h3u_-4gjxjASgseSmLFsA-X-ueqDCUhD7Uz6JnAPX9mDvRgYKx2BM7gUWPj9HWgI7ZIQUxp56FKBDErwdAkeZcv8JBkTQAuWvYCMwSqJMINK8Ln6CHxBs5ZatHNO-jimcQPUY2GI1RHpxC9nChnZE2SAeyt0lrACyCJ0gGbEQDFYscBW7k1uN2oYB2tZoKh7kdj3jykcXfJsvc36rAor4TSl1jhO2ehJFmVONgzJmcRJbvbTaSafR7vm-19Fdc9SArSXwEIJ0WW61Pz81nvS8AdxO1nQsQFXyDl_kcHH2rdXwty7FX95oK_NxbtI9DgNqhAGu6NnQ%3D%3D%7EGtFtnrg0mdZJEQ_oGuGN9JzADH-KUscT3VqOPsdn_SKj6h1135Sfq2LDmVGSvEujbJG2Q066JbnJGCGf2T5V296koVjEf9hpT0eGCPGmBlutio66PZ1dYy5JEbNfRunhdhO2a0TbFaLhUlW5qGedx8uYg8nYPiKHUPHn1tlgniH_mFshwcZcWRlfI6_o-6sI1HAYqG5lZ8ebIheo7jLe3XIAwRaCEeCcciGy7d9Ke538DdLUr_FJFJs38O3_1QP_Ke3fpKeK-eqPrF-4dLdvaDHWwDkc_WgsBHSq_qG80W-MtsGoBWdiGzCws9UTPnyi9fQGwupj2WkLfz0aHxFljGtecEwSzA-37mZhl67X5Fm-aS_poHlY9i65UhPGdIjROBfBwUGhJ0Y1DKeclZeNn_5554qmLvm_E5df%7EBp5q7zmaBncv4lWYBsG3azqdlLYdFr6EnsCv0m5e6nG_pFmfK-TMY-6dJXuRGn0G4iJenEAB79UB&amp;templateId=3881"}' style="display: flex; flex-direction: column; width: 124px; min-width: 124px; margin: 0px 12px 16px 12px">
             <div style="width: 124px; min-width: 124px; height: 124px; min-height: 124px; margin: 0px 0px 8px 0px; overflow: hidden">
              <img class="main-image" src="https://thumbnail9.coupangcdn.com/thumbnails/remote/292x292q65ex/image/vendor_inventory/8202/48a380b5957e3d985a5c3dff5ab93e26594a0740f6e593900cdf84058fa9.jpg" style="vertical-align: top; height: 100%; object-fit: contain;border-radius: 0px 0px 0px 0px;"/>
             </div>
             <div style="-webkit-line-clamp: 100; overflow: hidden; display: -webkit-box!important; -webkit-box-orient: vertical; min-width: fit-content; width: fit-content; padding: 0px 0px 6px 0px">
              <span style="font-size: 12px; font-weight: bold; color: rgba(99, 115, 129, 1); word-break: break-all; vertical-align: middle">
               무료배송
              </span>
             </div>
             <div style="-webkit-line-clamp: 2; overflow: hidden; display: -webkit-box!important; -webkit-box-orient: vertical; width: 100%;; margin: 0px 0px 4px 0px">
              <span class="product-title" style="font-size: 14px; font-weight: normal; color: rgba(33, 43, 54, 1); word-break: break-all; vertical-align: middle">
               홀리닭 바로먹는 실온 닭가슴살 5종 혼합, 12세트
              </span>
             </div>
             <div style="display: flex; flex-direction: row; -webkit-box-sizing: border-box; min-width: fit-content; width: fit-content; margin: 0px 0px 4px 0px; align-items: center">
              <div style="-webkit-line-clamp: 1; overflow: hidden; display: -webkit-box!important; -webkit-box-orient: vertical; min-width: fit-content; width: fit-content; margin: 0px 4px 0px 0px">
               <span style="font-size: 14px; font-weight: bold; color: rgba(203, 20, 0, 1); word-break: break-all; vertical-align: middle">
                124,000원
               </span>
              </div>
             </div>
             <div style="display: flex; flex-direction: column; min-width: fit-content; width: fit-content; margin: 0px 0px 4px 0px">
             </div>
             <div style="display: flex; flex-direction: row; -webkit-box-sizing: border-box; min-width: fit-content; width: fit-content">
             </div>
             <div style="display: flex; flex-direction: row; -webkit-box-sizing: border-box; min-width: fit-content; width: fit-content; align-items: flex-end">
              <div style="display: flex; min-width: fit-content; width: fit-content; height: 13px; min-height: 13px; margin: 0px 2px 0px 0px">
               <span style="display: block; background-image: url(//static.coupangcdn.com/image/cmg/common/rating-star/RDS.png); background-repeat: no-repeat; width: 60px; height: 12px; background-size: 60px 24px; background-position: 0 -12px">
                <em style="display: block; background-image: url(//static.coupangcdn.com/image/cmg/common/rating-star/RDS.png); background-repeat: no-repeat; width: 90%; height: 12px; background-size: 60px 24px; background-position: 0 0">
                </em>
               </span>
              </div>
              <div style="-webkit-line-clamp: 1; overflow: hidden; display: -webkit-box!important; -webkit-box-orient: vertical; min-width: fit-content; width: fit-content">
               <span style="font-size: 12px; font-weight: normal; color: rgba(118, 134, 149, 1); word-break: break-all; vertical-align: middle">
                (1,510)
               </span>
              </div>
             </div>
            </div>
            <div style="display: flex; flex-direction: column; width: 1px; min-width: 1px; align-self: stretch; margin: 0px 0px 16px 0px; background-color: rgba(238, 238, 238, 1)">
            </div>
           </div>
           <div style="display: flex; flex-direction: row; -webkit-box-sizing: border-box; min-width: fit-content; width: fit-content">
            <div class="cmg-dco-carousel-item cmg-dco-carousel-product" data-adsplatform='{"viewImpression": "https://mercury.coupang.com/e.gif?r=HEfXSEHY2FWK726MHHi1FKcG49LHCLXNYsWH0QlCjMGwH99eHoWbxqunXzA38M2HbDmosPNTZfB0E0-zIsWAWX9lU8WGx12rV8zIkso0VGLFR1wExpUPbuXriQoIpOCk-GDs7D8ivkFaw35O0douonISW1WCFFfFucMbosPCQC9GfC4FXaKMkG8tN3LrXY8e_3ZKH4ugEwcuf8tEO-I3PkG_-IjhYpNOpYY8SyxZfMWVGUT78h3u_-4gjxjASgseSmLFsA-X-ueqDCUhD7Uz6JnAPX9mDvRgYKx2BM7gUWPj9HWgI7ZIQUxp56FKBDErwdAkeZcv8JBkTQAuWvYCMwSqJMINK8Ln6CHxBs5ZatHNO-jimcQPUY2GI1RHpxC9nChnZE2SAeyt0lrACyCJ0gGbEQDFYscBW7k1uN2oYB2tZoKh7kdj3jykcXfJsvc36rAor4TSl1jhO2ehJFmVONgzJmcRJbvbTaSafR7vm-19Fdc9SArSXwEIJ0WW61Pz81nvS8AdxO1nQsQFXyDl_kcHH2rdXwty7FX95oK_NxbtI9DgNqhAGu6NnQ%3D%3D%7EI2bN5CZ0-STH1sxdI_uhgQp1rzhj7Ett882zCG1iS94mMpUe_fpsS_AqoDP0ALBTQVAQPyhNpBalhzWdSW8N-8bG_HWpxMlonOwIAKLoHkJmXBrG1cF4l4hJ18nvmwpEWm50znRggxL8xrmE7NNJprdVymuvhd0uyqCA7iN156RwaNx7pl_jAknY5_etWnLoylQlyme0ypuC7kbn0vhy2xi6Fv4fbVrkmaIYrtCMp2a6PJAus69FO4hxDl0ThD_abhnG-asFJFnsht8KZgdHfNDK1XGRTipIus_w3u9A7t6ehHssMm8HMsPz2EqlcNQj7RigxRCNk8B7hurYn3Mg-skuRZWgM1CC6mENrNpYAs7adQsjJRxWp-pf_FFnUwKoeYSlgWronkgTHd1ynZ7TTAz2kcV9dH4_RlM%3D%7EBp5q7zmaBncv4lWYBsG3azqdlLYdFr6EnsCv0m5e6nG_pFmfK-TMY-6dJXuRGn0G4iJenEAB79UB&amp;templateId=3881"}' style="display: flex; flex-direction: column; width: 124px; min-width: 124px; margin: 0px 12px 16px 12px">
             <div style="width: 124px; min-width: 124px; height: 124px; min-height: 124px; margin: 0px 0px 8px 0px; overflow: hidden">
              <img class="main-image" src="https://thumbnail9.coupangcdn.com/thumbnails/remote/292x292q65ex/image/vendor_inventory/5b2e/f19a1fbc53f4ccd61af4185011d35b0f4e7de117d3988bb448dd4b525476.png" style="vertical-align: top; height: 100%; object-fit: contain;border-radius: 0px 0px 0px 0px;"/>
             </div>
             <div style="-webkit-line-clamp: 2; overflow: hidden; display: -webkit-box!important; -webkit-box-orient: vertical; width: 100%;; margin: 0px 0px 4px 0px">
              <span class="product-title" style="font-size: 14px; font-weight: normal; color: rgba(33, 43, 54, 1); word-break: break-all; vertical-align: middle">
               닭가슴살 냉동 냉장 1kg헬스 통가슴살 1kg, 15개
              </span>
             </div>
             <div style="display: flex; flex-direction: row; -webkit-box-sizing: border-box; min-width: fit-content; width: fit-content; margin: 0px 0px 4px 0px; align-items: center">
              <div style="-webkit-line-clamp: 1; overflow: hidden; display: -webkit-box!important; -webkit-box-orient: vertical; min-width: fit-content; width: fit-content; margin: 0px 4px 0px 0px">
               <span style="font-size: 14px; font-weight: bold; color: rgba(203, 20, 0, 1); word-break: break-all; vertical-align: middle">
                92,720원
               </span>
              </div>
             </div>
             <div style="display: flex; flex-direction: column; min-width: fit-content; width: fit-content; margin: 0px 0px 4px 0px">
             </div>
             <div style="display: flex; flex-direction: row; -webkit-box-sizing: border-box; min-width: fit-content; width: fit-content">
             </div>
             <div style="display: flex; flex-direction: row; -webkit-box-sizing: border-box; min-width: fit-content; width: fit-content; align-items: flex-end">
              <div style="display: flex; min-width: fit-content; width: fit-content; height: 13px; min-height: 13px; margin: 0px 2px 0px 0px">
               <span style="display: block; background-image: url(//static.coupangcdn.com/image/cmg/common/rating-star/RDS.png); background-repeat: no-repeat; width: 60px; height: 12px; background-size: 60px 24px; background-position: 0 -12px">
                <em style="display: block; background-image: url(//static.coupangcdn.com/image/cmg/common/rating-star/RDS.png); background-repeat: no-repeat; width: 100%; height: 12px; background-size: 60px 24px; background-position: 0 0">
                </em>
               </span>
              </div>
              <div style="-webkit-line-clamp: 1; overflow: hidden; display: -webkit-box!important; -webkit-box-orient: vertical; min-width: fit-content; width: fit-content">
               <span style="font-size: 12px; font-weight: normal; color: rgba(118, 134, 149, 1); word-break: break-all; vertical-align: middle">
                (142)
               </span>
              </div>
             </div>
            </div>
            <div style="display: flex; flex-direction: column; width: 1px; min-width: 1px; align-self: stretch; margin: 0px 0px 16px 0px; background-color: rgba(238, 238, 238, 1)">
            </div>
           </div>
           <div style="display: flex; flex-direction: row; -webkit-box-sizing: border-box; min-width: fit-content; width: fit-content">
            <div class="cmg-dco-carousel-item cmg-dco-carousel-product" data-adsplatform='{"viewImpression": "https://mercury.coupang.com/e.gif?r=HEfXSEHY2FWK726MHHi1FKcG49LHCLXNYsWH0QlCjMGwH99eHoWbxqunXzA38M2HbDmosPNTZfB0E0-zIsWAWX9lU8WGx12rV8zIkso0VGLFR1wExpUPbuXriQoIpOCk-GDs7D8ivkFaw35O0douonISW1WCFFfFucMbosPCQC9GfC4FXaKMkG8tN3LrXY8e_3ZKH4ugEwcuf8tEO-I3PkG_-IjhYpNOpYY8SyxZfMWVGUT78h3u_-4gjxjASgseSmLFsA-X-ueqDCUhD7Uz6JnAPX9mDvRgYKx2BM7gUWPj9HWgI7ZIQUxp56FKBDErwdAkeZcv8JBkTQAuWvYCMwSqJMINK8Ln6CHxBs5ZatHNO-jimcQPUY2GI1RHpxC9nChnZE2SAeyt0lrACyCJ0gGbEQDFYscBW7k1uN2oYB2tZoKh7kdj3jykcXfJsvc36rAor4TSl1jhO2ehJFmVONgzJmcRJbvbTaSafR7vm-19Fdc9SArSXwEIJ0WW61Pz81nvS8AdxO1nQsQFXyDl_kcHH2rdXwty7FX95oK_NxbtI9DgNqhAGu6NnQ%3D%3D%7Ex9zVDY_JgXPwFuG6x_61qy_Ouh93MDFr8tMfFRhyn9li0arHInKZBVE-BvkF5efEAYWXfvaXkC4o9jy6mdCv_RonilmCCukJNcgOWRM9QKCXMzRuh_JGnvtYcdBngW-nnDYl4QuYV46H4wtol0jicXNzfBapKlD77YmkKWPxp5151_THFhA-Bh5KSLnzTts2iT9A8cfAgKXx-HHuR0V1tljdbcWZDLt2lvnZ8CMh9iLk-hSmO2AhYzBS3OT1FKb8XsD09dboruDy8FfyPd2FsR4J--wPEDAyCMEuTmpNaMlJjjden_BebeMhCFLWBSSY8gNNHS9t3o1ucJccMlcti_aHK0GQv_HW4p2I6DtHQjiLJBuwY8htvMDaiWK_Wh3Ihg-tnuXVKQXpyt0LIH4VhRQyAG9Oizzs6aEPt_w%3D%7EBp5q7zmaBncv4lWYBsG3azqdlLYdFr6EnsCv0m5e6nG_pFmfK-TMY-6dJXuRGn0G4iJenEAB79UB&amp;templateId=3881"}' style="display: flex; flex-direction: column; width: 124px; min-width: 124px; margin: 0px 12px 16px 12px">
             <div style="width: 124px; min-width: 124px; height: 124px; min-height: 124px; margin: 0px 0px 8px 0px; overflow: hidden">
              <img class="main-image" src="https://thumbnail8.coupangcdn.com/thumbnails/remote/292x292q65ex/image/vendor_inventory/1415/ca5d4bd440ac119815b4467aa6504730692d458b24a1a19df1c47876341c.jpg" style="vertical-align: top; height: 100%; object-fit: contain;border-radius: 0px 0px 0px 0px;"/>
             </div>
             <div style="-webkit-line-clamp: 100; overflow: hidden; display: -webkit-box!important; -webkit-box-orient: vertical; min-width: fit-content; width: fit-content; padding: 0px 0px 6px 0px">
              <span style="font-size: 12px; font-weight: bold; color: rgba(99, 115, 129, 1); word-break: break-all; vertical-align: middle">
               무료배송
              </span>
             </div>
             <div style="-webkit-line-clamp: 2; overflow: hidden; display: -webkit-box!important; -webkit-box-orient: vertical; width: 100%;; margin: 0px 0px 4px 0px">
              <span class="product-title" style="font-size: 14px; font-weight: normal; color: rgba(33, 43, 54, 1); word-break: break-all; vertical-align: middle">
               자연의닭 냉장 닭가슴살(껍질없음), 1개, 5kg
              </span>
             </div>
             <div style="display: flex; flex-direction: row; -webkit-box-sizing: border-box; min-width: fit-content; width: fit-content; margin: 0px 0px 4px 0px; align-items: center">
              <div style="-webkit-line-clamp: 1; overflow: hidden; display: -webkit-box!important; -webkit-box-orient: vertical; min-width: fit-content; width: fit-content; margin: 0px 4px 0px 0px">
               <span style="font-size: 14px; font-weight: bold; color: rgba(203, 20, 0, 1); word-break: break-all; vertical-align: middle">
                32,000원
               </span>
              </div>
             </div>
             <div style="display: flex; flex-direction: column; min-width: fit-content; width: fit-content; margin: 0px 0px 4px 0px">
             </div>
             <div style="display: flex; flex-direction: row; -webkit-box-sizing: border-box; min-width: fit-content; width: fit-content">
             </div>
             <div style="display: flex; flex-direction: row; -webkit-box-sizing: border-box; min-width: fit-content; width: fit-content; align-items: flex-end">
              <div style="display: flex; min-width: fit-content; width: fit-content; height: 13px; min-height: 13px; margin: 0px 2px 0px 0px">
               <span style="display: block; background-image: url(//static.coupangcdn.com/image/cmg/common/rating-star/RDS.png); background-repeat: no-repeat; width: 60px; height: 12px; background-size: 60px 24px; background-position: 0 -12px">
                <em style="display: block; background-image: url(//static.coupangcdn.com/image/cmg/common/rating-star/RDS.png); background-repeat: no-repeat; width: 100%; height: 12px; background-size: 60px 24px; background-position: 0 0">
                </em>
               </span>
              </div>
              <div style="-webkit-line-clamp: 1; overflow: hidden; display: -webkit-box!important; -webkit-box-orient: vertical; min-width: fit-content; width: fit-content">
               <span style="font-size: 12px; font-weight: normal; color: rgba(118, 134, 149, 1); word-break: break-all; vertical-align: middle">
                (2,632)
               </span>
              </div>
             </div>
            </div>
            <div style="display: flex; flex-direction: column; width: 1px; min-width: 1px; align-self: stretch; margin: 0px 0px 16px 0px; background-color: rgba(238, 238, 238, 1)">
            </div>
           </div>
           <div style="display: flex; flex-direction: row; -webkit-box-sizing: border-box; min-width: fit-content; width: fit-content">
            <div class="cmg-dco-carousel-item cmg-dco-carousel-product" data-adsplatform='{"viewImpression": "https://mercury.coupang.com/e.gif?r=HEfXSEHY2FWK726MHHi1FKcG49LHCLXNYsWH0QlCjMGwH99eHoWbxqunXzA38M2HbDmosPNTZfB0E0-zIsWAWX9lU8WGx12rV8zIkso0VGLFR1wExpUPbuXriQoIpOCk-GDs7D8ivkFaw35O0douonISW1WCFFfFucMbosPCQC9GfC4FXaKMkG8tN3LrXY8e_3ZKH4ugEwcuf8tEO-I3PkG_-IjhYpNOpYY8SyxZfMWVGUT78h3u_-4gjxjASgseSmLFsA-X-ueqDCUhD7Uz6JnAPX9mDvRgYKx2BM7gUWPj9HWgI7ZIQUxp56FKBDErwdAkeZcv8JBkTQAuWvYCMwSqJMINK8Ln6CHxBs5ZatHNO-jimcQPUY2GI1RHpxC9nChnZE2SAeyt0lrACyCJ0gGbEQDFYscBW7k1uN2oYB2tZoKh7kdj3jykcXfJsvc36rAor4TSl1jhO2ehJFmVONgzJmcRJbvbTaSafR7vm-19Fdc9SArSXwEIJ0WW61Pz81nvS8AdxO1nQsQFXyDl_kcHH2rdXwty7FX95oK_NxbtI9DgNqhAGu6NnQ%3D%3D%7EQrboBTvxqRjFRh9oQnfsGQhq0VQLtRws1FXJ-tLicWK0YmS2FWpLFE8mkdb3waU1DfJ4lJ01krRGz9Gn0YsfBytcxkIsFQpUALDHkNyIwVkf9Sc9iBHoe86qx4oB2U-4kRDudCZh3Z8X0g-qLRf0T7EWBNPdgyrlOxRLBbfzS_YGy8VXGaC9YUrl0BnnSvjPI19yjpxNXFg6PgbsiUhNPJws-dDCgbNmPzpNoLPePvHyJ2w8aFexiL2ynO6E-XZgrtqK7ohH4Vf9V8bzdW7d7KQ953eZDLZhmoJdqIxpslbwO1eTr4VVQjZs521qVRnwNEiXrtHZoEuSyoUjrOJMhlH2XClL7nQ07sExCawnoqXHWgXS9Z2Pef8k3ZDteHPdOvKkGe5UQgfxqUaJwi6WPdZKShbD8KNHe8ol%7EBp5q7zmaBncv4lWYBsG3azqdlLYdFr6EnsCv0m5e6nG_pFmfK-TMY-6dJXuRGn0G4iJenEAB79UB&amp;templateId=3881"}' style="display: flex; flex-direction: column; width: 124px; min-width: 124px; margin: 0px 12px 16px 12px">
             <div style="width: 124px; min-width: 124px; height: 124px; min-height: 124px; margin: 0px 0px 8px 0px; overflow: hidden">
              <img class="main-image" src="https://thumbnail7.coupangcdn.com/thumbnails/remote/292x292q65ex/image/vendor_inventory/b3b5/75a51bc0bd7ad4ce853b034535a3c2a0dff5b45a0b8b54159c37a1c81731.jpg" style="vertical-align: top; height: 100%; object-fit: contain;border-radius: 0px 0px 0px 0px;"/>
             </div>
             <div style="-webkit-line-clamp: 100; overflow: hidden; display: -webkit-box!important; -webkit-box-orient: vertical; min-width: fit-content; width: fit-content; padding: 0px 0px 6px 0px">
              <span style="font-size: 12px; font-weight: bold; color: rgba(99, 115, 129, 1); word-break: break-all; vertical-align: middle">
               무료배송
              </span>
             </div>
             <div style="-webkit-line-clamp: 2; overflow: hidden; display: -webkit-box!important; -webkit-box-orient: vertical; width: 100%;; margin: 0px 0px 4px 0px">
              <span class="product-title" style="font-size: 14px; font-weight: normal; color: rgba(33, 43, 54, 1); word-break: break-all; vertical-align: middle">
               육식토끼 닭가슴살 블랙페퍼, 150g, 67개
              </span>
             </div>
             <div style="display: flex; flex-direction: row; -webkit-box-sizing: border-box; min-width: fit-content; width: fit-content; margin: 0px 0px 4px 0px; align-items: center">
              <div style="-webkit-line-clamp: 1; overflow: hidden; display: -webkit-box!important; -webkit-box-orient: vertical; min-width: fit-content; width: fit-content; margin: 0px 4px 0px 0px">
               <span style="font-size: 14px; font-weight: bold; color: rgba(203, 20, 0, 1); word-break: break-all; vertical-align: middle">
                155,000원
               </span>
              </div>
             </div>
             <div style="display: flex; flex-direction: column; min-width: fit-content; width: fit-content; margin: 0px 0px 4px 0px">
             </div>
             <div style="display: flex; flex-direction: row; -webkit-box-sizing: border-box; min-width: fit-content; width: fit-content">
             </div>
             <div style="display: flex; flex-direction: row; -webkit-box-sizing: border-box; min-width: fit-content; width: fit-content; align-items: flex-end">
              <div style="display: flex; min-width: fit-content; width: fit-content; height: 13px; min-height: 13px; margin: 0px 2px 0px 0px">
               <span style="display: block; background-image: url(//static.coupangcdn.com/image/cmg/common/rating-star/RDS.png); background-repeat: no-repeat; width: 60px; height: 12px; background-size: 60px 24px; background-position: 0 -12px">
                <em style="display: block; background-image: url(//static.coupangcdn.com/image/cmg/common/rating-star/RDS.png); background-repeat: no-repeat; width: 90%; height: 12px; background-size: 60px 24px; background-position: 0 0">
                </em>
               </span>
              </div>
              <div style="-webkit-line-clamp: 1; overflow: hidden; display: -webkit-box!important; -webkit-box-orient: vertical; min-width: fit-content; width: fit-content">
               <span style="font-size: 12px; font-weight: normal; color: rgba(118, 134, 149, 1); word-break: break-all; vertical-align: middle">
                (1,320)
               </span>
              </div>
             </div>
            </div>
            <div style="display: flex; flex-direction: column; width: 1px; min-width: 1px; align-self: stretch; margin: 0px 0px 16px 0px; background-color: rgba(238, 238, 238, 1)">
            </div>
           </div>
           <div style="display: flex; flex-direction: row; -webkit-box-sizing: border-box; min-width: fit-content; width: fit-content">
            <div class="cmg-dco-carousel-item cmg-dco-carousel-product" data-adsplatform='{"viewImpression": "https://mercury.coupang.com/e.gif?r=HEfXSEHY2FWK726MHHi1FKcG49LHCLXNYsWH0QlCjMGwH99eHoWbxqunXzA38M2HbDmosPNTZfB0E0-zIsWAWX9lU8WGx12rV8zIkso0VGLFR1wExpUPbuXriQoIpOCk-GDs7D8ivkFaw35O0douonISW1WCFFfFucMbosPCQC9GfC4FXaKMkG8tN3LrXY8e_3ZKH4ugEwcuf8tEO-I3PkG_-IjhYpNOpYY8SyxZfMWVGUT78h3u_-4gjxjASgseSmLFsA-X-ueqDCUhD7Uz6JnAPX9mDvRgYKx2BM7gUWPj9HWgI7ZIQUxp56FKBDErwdAkeZcv8JBkTQAuWvYCMwSqJMINK8Ln6CHxBs5ZatHNO-jimcQPUY2GI1RHpxC9nChnZE2SAeyt0lrACyCJ0gGbEQDFYscBW7k1uN2oYB2tZoKh7kdj3jykcXfJsvc36rAor4TSl1jhO2ehJFmVONgzJmcRJbvbTaSafR7vm-19Fdc9SArSXwEIJ0WW61Pz81nvS8AdxO1nQsQFXyDl_kcHH2rdXwty7FX95oK_NxbtI9DgNqhAGu6NnQ%3D%3D%7ExuBiqTSjQzy9V_Slxj081aigd5K_blXtgaaFXUTT7LuJhdQOuNrnYWMw4WSPxasRgaGBFRDgl0t1Z6H8UGs75Y_O8fY_v-G-XOG5rJQClWDSRtLSn49u-FjGsi1oQ9QXtUSfHnERCdpiOK_b-KMrcIRu_3EkpyJkKawlonIxYhfGuxBz_JwJTSgeYPR98kR3m9Q7mmekgRdkTC8DZHuC_ZM_udxUOpVfvzjW7FaUv8-DbigiSOMkDimLILF6CTX_DxJQpWdSdWTrIFEDAil8jApNKBP9-nAe-FKN1X1-orvYh2hDJl9Z6Q2HGISCrd9TBhTf81E65o7RhHNvCV60WIJkXUGheA7kUFZE6aL3WUADhsfXkRijFZqV782UG-xW0u0JOOEIufeymDuYxYGpcfojAy12UyXl0eEQsM7PZ1JChcAZNe8%3D%7EBp5q7zmaBncv4lWYBsG3azqdlLYdFr6EnsCv0m5e6nG_pFmfK-TMY-6dJXuRGn0G4iJenEAB79UB&amp;templateId=3881"}' style="display: flex; flex-direction: column; width: 124px; min-width: 124px; margin: 0px 12px 16px 12px">
             <div style="width: 124px; min-width: 124px; height: 124px; min-height: 124px; margin: 0px 0px 8px 0px; overflow: hidden">
              <img class="main-image" src="https://thumbnail7.coupangcdn.com/thumbnails/remote/292x292q65ex/image/vendor_inventory/10f3/dd020649ffab143a0947cdd6f8e346e5acab5403e2d2c0ec75c912b22e88.jpg" style="vertical-align: top; height: 100%; object-fit: contain;border-radius: 0px 0px 0px 0px;"/>
             </div>
             <div style="-webkit-line-clamp: 100; overflow: hidden; display: -webkit-box!important; -webkit-box-orient: vertical; min-width: fit-content; width: fit-content; padding: 0px 0px 6px 0px">
              <span style="font-size: 12px; font-weight: bold; color: rgba(99, 115, 129, 1); word-break: break-all; vertical-align: middle">
               무료배송
              </span>
             </div>
             <div style="-webkit-line-clamp: 2; overflow: hidden; display: -webkit-box!important; -webkit-box-orient: vertical; width: 100%;; margin: 0px 0px 4px 0px">
              <span class="product-title" style="font-size: 14px; font-weight: normal; color: rgba(33, 43, 54, 1); word-break: break-all; vertical-align: middle">
               [랭킹닭컴] 잇메이트 훈제 닭가슴살 오리지널 100g 15팩, 15개
              </span>
             </div>
             <div style="display: flex; flex-direction: row; -webkit-box-sizing: border-box; min-width: fit-content; width: fit-content; margin: 0px 0px 4px 0px; align-items: center">
              <div style="-webkit-line-clamp: 1; overflow: hidden; display: -webkit-box!important; -webkit-box-orient: vertical; min-width: fit-content; width: fit-content; margin: 0px 4px 0px 0px">
               <span style="font-size: 14px; font-weight: bold; color: rgba(203, 20, 0, 1); word-break: break-all; vertical-align: middle">
                34,460원
               </span>
              </div>
             </div>
             <div style="display: flex; flex-direction: column; min-width: fit-content; width: fit-content; margin: 0px 0px 4px 0px">
             </div>
             <div style="display: flex; flex-direction: row; -webkit-box-sizing: border-box; min-width: fit-content; width: fit-content">
             </div>
             <div style="display: flex; flex-direction: row; -webkit-box-sizing: border-box; min-width: fit-content; width: fit-content; align-items: flex-end">
              <div style="display: flex; min-width: fit-content; width: fit-content; height: 13px; min-height: 13px; margin: 0px 2px 0px 0px">
               <span style="display: block; background-image: url(//static.coupangcdn.com/image/cmg/common/rating-star/RDS.png); background-repeat: no-repeat; width: 60px; height: 12px; background-size: 60px 24px; background-position: 0 -12px">
                <em style="display: block; background-image: url(//static.coupangcdn.com/image/cmg/common/rating-star/RDS.png); background-repeat: no-repeat; width: 90%; height: 12px; background-size: 60px 24px; background-position: 0 0">
                </em>
               </span>
              </div>
              <div style="-webkit-line-clamp: 1; overflow: hidden; display: -webkit-box!important; -webkit-box-orient: vertical; min-width: fit-content; width: fit-content">
               <span style="font-size: 12px; font-weight: normal; color: rgba(118, 134, 149, 1); word-break: break-all; vertical-align: middle">
                (135)
               </span>
              </div>
             </div>
            </div>
            <div style="display: flex; flex-direction: column; width: 1px; min-width: 1px; align-self: stretch; margin: 0px 0px 16px 0px; background-color: rgba(238, 238, 238, 1)">
            </div>
           </div>
           <div style="display: flex; flex-direction: row; -webkit-box-sizing: border-box; min-width: fit-content; width: fit-content">
            <div class="cmg-dco-carousel-item cmg-dco-carousel-product" data-adsplatform='{"viewImpression": "https://mercury.coupang.com/e.gif?r=HEfXSEHY2FWK726MHHi1FKcG49LHCLXNYsWH0QlCjMGwH99eHoWbxqunXzA38M2HbDmosPNTZfB0E0-zIsWAWX9lU8WGx12rV8zIkso0VGLFR1wExpUPbuXriQoIpOCk-GDs7D8ivkFaw35O0douonISW1WCFFfFucMbosPCQC9GfC4FXaKMkG8tN3LrXY8e_3ZKH4ugEwcuf8tEO-I3PkG_-IjhYpNOpYY8SyxZfMWVGUT78h3u_-4gjxjASgseSmLFsA-X-ueqDCUhD7Uz6JnAPX9mDvRgYKx2BM7gUWPj9HWgI7ZIQUxp56FKBDErwdAkeZcv8JBkTQAuWvYCMwSqJMINK8Ln6CHxBs5ZatHNO-jimcQPUY2GI1RHpxC9nChnZE2SAeyt0lrACyCJ0gGbEQDFYscBW7k1uN2oYB2tZoKh7kdj3jykcXfJsvc36rAor4TSl1jhO2ehJFmVONgzJmcRJbvbTaSafR7vm-19Fdc9SArSXwEIJ0WW61Pz81nvS8AdxO1nQsQFXyDl_kcHH2rdXwty7FX95oK_NxbtI9DgNqhAGu6NnQ%3D%3D%7E23WfUFwwxGp5C7x12zyEgTluZjOBcs9sRXnC3vMm3xPOV8Fn321DpnCeKz-LGr0xuec3PIPG8y3V8GK7C2bnsnD-lCcivMRcV0HbZRAf2k7YRiFq6l4hlz5jJhHwtMfKE3PlqedCexlUDCeH2CdUmjSyfM6FyYtKbTXz_1KcMgMwMlcyTp8lefR98p1CktjejBoRTVhVTArYwYREiGe-4ewq2zsxyiO7tdYwXdVcdVJrocVYF9gtOt1gxMcBhTyzuInS72pdMxQ_9F_8AL1lZjUAHZ87yFM_FkKXYL7Zfd1LjZCBMAyg6P4H3jW2X8NUB1zytZAQM8xgbKhWrULTV_9G0wvDBXBac59Bn5RdoDYfXydpZEWzDn-9XXmEbocFb_hjPcZkI6Ei8mIXegu_V9bypg9QvsZm4yyXlffM%7EBp5q7zmaBncv4lWYBsG3azqdlLYdFr6EnsCv0m5e6nG_pFmfK-TMY-6dJXuRGn0G4iJenEAB79UB&amp;templateId=3881"}' style="display: flex; flex-direction: column; width: 124px; min-width: 124px; margin: 0px 12px 16px 12px">
             <div style="width: 124px; min-width: 124px; height: 124px; min-height: 124px; margin: 0px 0px 8px 0px; overflow: hidden">
              <img class="main-image" src="https://thumbnail4.coupangcdn.com/thumbnails/remote/292x292q65ex/image/vendor_inventory/95e9/3ea5f1ee3c1591599d834d628128419d4da2305ad1d572aa1b0d5887a4d5.jpg" style="vertical-align: top; height: 100%; object-fit: contain;border-radius: 0px 0px 0px 0px;"/>
             </div>
             <div style="-webkit-line-clamp: 100; overflow: hidden; display: -webkit-box!important; -webkit-box-orient: vertical; min-width: fit-content; width: fit-content; padding: 0px 0px 6px 0px">
              <span style="font-size: 12px; font-weight: bold; color: rgba(99, 115, 129, 1); word-break: break-all; vertical-align: middle">
               무료배송
              </span>
             </div>
             <div style="-webkit-line-clamp: 2; overflow: hidden; display: -webkit-box!important; -webkit-box-orient: vertical; width: 100%;; margin: 0px 0px 4px 0px">
              <span class="product-title" style="font-size: 14px; font-weight: normal; color: rgba(33, 43, 54, 1); word-break: break-all; vertical-align: middle">
               킹닭 스팀허브 닭가슴살 100g x 50팩 냉동 닭가슴살 스팀 닭가슴살 스테이크, 50개
              </span>
             </div>
             <div style="display: flex; flex-direction: row; -webkit-box-sizing: border-box; min-width: fit-content; width: fit-content; margin: 0px 0px 4px 0px; align-items: center">
              <div style="-webkit-line-clamp: 1; overflow: hidden; display: -webkit-box!important; -webkit-box-orient: vertical; min-width: fit-content; width: fit-content; margin: 0px 4px 0px 0px">
               <span style="font-size: 14px; font-weight: bold; color: rgba(203, 20, 0, 1); word-break: break-all; vertical-align: middle">
                89,900원
               </span>
              </div>
             </div>
             <div style="display: flex; flex-direction: column; min-width: fit-content; width: fit-content; margin: 0px 0px 4px 0px">
             </div>
             <div style="display: flex; flex-direction: row; -webkit-box-sizing: border-box; min-width: fit-content; width: fit-content">
             </div>
             <div style="display: flex; flex-direction: row; -webkit-box-sizing: border-box; min-width: fit-content; width: fit-content; align-items: flex-end">
              <div style="display: flex; min-width: fit-content; width: fit-content; height: 13px; min-height: 13px; margin: 0px 2px 0px 0px">
               <span style="display: block; background-image: url(//static.coupangcdn.com/image/cmg/common/rating-star/RDS.png); background-repeat: no-repeat; width: 60px; height: 12px; background-size: 60px 24px; background-position: 0 -12px">
                <em style="display: block; background-image: url(//static.coupangcdn.com/image/cmg/common/rating-star/RDS.png); background-repeat: no-repeat; width: 90%; height: 12px; background-size: 60px 24px; background-position: 0 0">
                </em>
               </span>
              </div>
              <div style="-webkit-line-clamp: 1; overflow: hidden; display: -webkit-box!important; -webkit-box-orient: vertical; min-width: fit-content; width: fit-content">
               <span style="font-size: 12px; font-weight: normal; color: rgba(118, 134, 149, 1); word-break: break-all; vertical-align: middle">
                (1,454)
               </span>
              </div>
             </div>
            </div>
            <div style="display: flex; flex-direction: column; width: 1px; min-width: 1px; align-self: stretch; margin: 0px 0px 16px 0px; background-color: rgba(238, 238, 238, 1)">
            </div>
           </div>
           <div style="display: flex; flex-direction: row; -webkit-box-sizing: border-box; min-width: fit-content; width: fit-content">
            <div class="cmg-dco-carousel-item cmg-dco-carousel-product" data-adsplatform='{"viewImpression": "https://mercury.coupang.com/e.gif?r=HEfXSEHY2FWK726MHHi1FKcG49LHCLXNYsWH0QlCjMGwH99eHoWbxqunXzA38M2HbDmosPNTZfB0E0-zIsWAWX9lU8WGx12rV8zIkso0VGLFR1wExpUPbuXriQoIpOCk-GDs7D8ivkFaw35O0douonISW1WCFFfFucMbosPCQC9GfC4FXaKMkG8tN3LrXY8e_3ZKH4ugEwcuf8tEO-I3PkG_-IjhYpNOpYY8SyxZfMWVGUT78h3u_-4gjxjASgseSmLFsA-X-ueqDCUhD7Uz6JnAPX9mDvRgYKx2BM7gUWPj9HWgI7ZIQUxp56FKBDErwdAkeZcv8JBkTQAuWvYCMwSqJMINK8Ln6CHxBs5ZatHNO-jimcQPUY2GI1RHpxC9nChnZE2SAeyt0lrACyCJ0gGbEQDFYscBW7k1uN2oYB2tZoKh7kdj3jykcXfJsvc36rAor4TSl1jhO2ehJFmVONgzJmcRJbvbTaSafR7vm-19Fdc9SArSXwEIJ0WW61Pz81nvS8AdxO1nQsQFXyDl_kcHH2rdXwty7FX95oK_NxbtI9DgNqhAGu6NnQ%3D%3D%7ETbqJ5WyPl_AdzXiiTe1G65GK9_jK8_3RN8rTbdE6lNOyB91Na_LNv0WdCWqxVEYadKXCsC1kh6yleQLpqOSpQJ73-34BwjijR_PUU5gNTETvqGNXWzo-I9ByVWXCEomLFZXXdIsbjfirbx-G6FKrcif4iaCFudlvM0LooIgWQp2Ks3mOwMZ7YzNhondzPh0VnPsVCzwjE8EAOJkV-aqQrt5w1kd0FKAiuY_oGVVpA05S3U0iK7Uq9HTDXS83G25Y7xOy1DOebo8bhhBuPUMrRUNI94n5tGZGfr0HTAAgSKCnzW7xCA_ysat0jPray12u_gpPQZdl-yjg-hIUbp7ANNneKRzru74sWa9IY-a3Bj6Wktv3WwWE3swQh0x0hN6umGQJXiZvEqgaktgS0EaunsFVp6WZBxcFvYrqIA%3D%3D%7EBp5q7zmaBncv4lWYBsG3azqdlLYdFr6EnsCv0m5e6nG_pFmfK-TMY-6dJXuRGn0G4iJenEAB79UB&amp;templateId=3881"}' style="display: flex; flex-direction: column; width: 124px; min-width: 124px; margin: 0px 12px 16px 12px">
             <div style="width: 124px; min-width: 124px; height: 124px; min-height: 124px; margin: 0px 0px 8px 0px; overflow: hidden">
              <img class="main-image" src="https://thumbnail1.coupangcdn.com/thumbnails/remote/292x292q65ex/image/vendor_inventory/8782/d5161a045970386799f1e604988dcbaa0f977b5058db7025dd98bddf912b.png" style="vertical-align: top; height: 100%; object-fit: contain;border-radius: 0px 0px 0px 0px;"/>
             </div>
             <div style="-webkit-line-clamp: 100; overflow: hidden; display: -webkit-box!important; -webkit-box-orient: vertical; min-width: fit-content; width: fit-content; padding: 0px 0px 6px 0px">
              <span style="font-size: 12px; font-weight: bold; color: rgba(99, 115, 129, 1); word-break: break-all; vertical-align: middle">
               무료배송
              </span>
             </div>
             <div style="-webkit-line-clamp: 2; overflow: hidden; display: -webkit-box!important; -webkit-box-orient: vertical; width: 100%;; margin: 0px 0px 4px 0px">
              <span class="product-title" style="font-size: 14px; font-weight: normal; color: rgba(33, 43, 54, 1); word-break: break-all; vertical-align: middle">
               치킨마켓 국내산 냉동 생닭가슴살10kg(1kg X 10팩), 1kg, 10개
              </span>
             </div>
             <div style="display: flex; flex-direction: row; -webkit-box-sizing: border-box; min-width: fit-content; width: fit-content; margin: 0px 0px 4px 0px; align-items: center">
              <div style="-webkit-line-clamp: 1; overflow: hidden; display: -webkit-box!important; -webkit-box-orient: vertical; min-width: fit-content; width: fit-content; margin: 0px 4px 0px 0px">
               <span style="font-size: 14px; font-weight: bold; color: rgba(203, 20, 0, 1); word-break: break-all; vertical-align: middle">
                52,900원
               </span>
              </div>
             </div>
             <div style="display: flex; flex-direction: column; min-width: fit-content; width: fit-content; margin: 0px 0px 4px 0px">
             </div>
             <div style="display: flex; flex-direction: row; -webkit-box-sizing: border-box; min-width: fit-content; width: fit-content">
             </div>
             <div style="display: flex; flex-direction: row; -webkit-box-sizing: border-box; min-width: fit-content; width: fit-content; align-items: flex-end">
              <div style="display: flex; min-width: fit-content; width: fit-content; height: 13px; min-height: 13px; margin: 0px 2px 0px 0px">
               <span style="display: block; background-image: url(//static.coupangcdn.com/image/cmg/common/rating-star/RDS.png); background-repeat: no-repeat; width: 60px; height: 12px; background-size: 60px 24px; background-position: 0 -12px">
                <em style="display: block; background-image: url(//static.coupangcdn.com/image/cmg/common/rating-star/RDS.png); background-repeat: no-repeat; width: 100%; height: 12px; background-size: 60px 24px; background-position: 0 0">
                </em>
               </span>
              </div>
              <div style="-webkit-line-clamp: 1; overflow: hidden; display: -webkit-box!important; -webkit-box-orient: vertical; min-width: fit-content; width: fit-content">
               <span style="font-size: 12px; font-weight: normal; color: rgba(118, 134, 149, 1); word-break: break-all; vertical-align: middle">
                (265)
               </span>
              </div>
             </div>
            </div>
            <div style="display: flex; flex-direction: column; width: 1px; min-width: 1px; align-self: stretch; margin: 0px 0px 16px 0px; background-color: rgba(238, 238, 238, 1)">
            </div>
           </div>
           <div style="display: flex; flex-direction: row; -webkit-box-sizing: border-box; min-width: fit-content; width: fit-content">
            <div class="cmg-dco-carousel-item cmg-dco-carousel-product" data-adsplatform='{"viewImpression": "https://mercury.coupang.com/e.gif?r=HEfXSEHY2FWK726MHHi1FKcG49LHCLXNYsWH0QlCjMGwH99eHoWbxqunXzA38M2HbDmosPNTZfB0E0-zIsWAWX9lU8WGx12rV8zIkso0VGLFR1wExpUPbuXriQoIpOCk-GDs7D8ivkFaw35O0douonISW1WCFFfFucMbosPCQC9GfC4FXaKMkG8tN3LrXY8e_3ZKH4ugEwcuf8tEO-I3PkG_-IjhYpNOpYY8SyxZfMWVGUT78h3u_-4gjxjASgseSmLFsA-X-ueqDCUhD7Uz6JnAPX9mDvRgYKx2BM7gUWPj9HWgI7ZIQUxp56FKBDErwdAkeZcv8JBkTQAuWvYCMwSqJMINK8Ln6CHxBs5ZatHNO-jimcQPUY2GI1RHpxC9nChnZE2SAeyt0lrACyCJ0gGbEQDFYscBW7k1uN2oYB2tZoKh7kdj3jykcXfJsvc36rAor4TSl1jhO2ehJFmVONgzJmcRJbvbTaSafR7vm-19Fdc9SArSXwEIJ0WW61Pz81nvS8AdxO1nQsQFXyDl_kcHH2rdXwty7FX95oK_NxbtI9DgNqhAGu6NnQ%3D%3D%7E2jCDWHvZfowamLOY2s3ZfAqy9hpyNGlCaeBdw418bpfDq2-Msg3wgsudpCaVWMKcdWFpH9oQ8rJM21c_GGVlyXOhjL3XFv6BKKXPkOmATEy03hky--khYDk6y7ra-z-RAwHDR9d0k2vYZh5SgqY-eOq4CffID5L9zTV02e5A7nPAp0KlHbmjBif2AUq39XimRt7y6kYIQ_svdzHyoWTb3Y70m-gv23ezkGV8XuGrL7R7O4Z3ljTAaB3V-wc98xAO6pO_jiRL3rjM_6ELxpR59oeKZSDPiE0Y3DjQaCSXNUywRZY2-H4D-Km9JzbMzpUOWMpgwzrxJt73D6Jxz7xBhTVPPpRv5z4H34mLUUgIw372WIRI6s8JbezwCHBvTqiMgrCnzE9Jh5KbT6tLTNULbqTIbQHek6J4LzoYH60d%7EBp5q7zmaBncv4lWYBsG3azqdlLYdFr6EnsCv0m5e6nG_pFmfK-TMY-6dJXuRGn0G4iJenEAB79UB&amp;templateId=3881"}' style="display: flex; flex-direction: column; width: 124px; min-width: 124px; margin: 0px 12px 16px 12px">
             <div style="width: 124px; min-width: 124px; height: 124px; min-height: 124px; margin: 0px 0px 8px 0px; overflow: hidden">
              <img class="main-image" src="https://thumbnail14.coupangcdn.com/thumbnails/remote/292x292q65ex/image/vendor_inventory/3346/d9e1d282a1bf241e9282d178432441f5dab9e9e7bf326495563336c6fcea.jpg" style="vertical-align: top; height: 100%; object-fit: contain;border-radius: 0px 0px 0px 0px;"/>
             </div>
             <div style="-webkit-line-clamp: 100; overflow: hidden; display: -webkit-box!important; -webkit-box-orient: vertical; min-width: fit-content; width: fit-content; padding: 0px 0px 6px 0px">
              <span style="font-size: 12px; font-weight: bold; color: rgba(99, 115, 129, 1); word-break: break-all; vertical-align: middle">
               무료배송
              </span>
             </div>
             <div style="-webkit-line-clamp: 2; overflow: hidden; display: -webkit-box!important; -webkit-box-orient: vertical; width: 100%;; margin: 0px 0px 4px 0px">
              <span class="product-title" style="font-size: 14px; font-weight: normal; color: rgba(33, 43, 54, 1); word-break: break-all; vertical-align: middle">
               [네네치킨] 네꼬닭 소스 닭가슴살 10종 혼합구성, 42개, 100g
              </span>
             </div>
             <div style="display: flex; flex-direction: row; -webkit-box-sizing: border-box; min-width: fit-content; width: fit-content; margin: 0px 0px 4px 0px; align-items: center">
              <div style="-webkit-line-clamp: 1; overflow: hidden; display: -webkit-box!important; -webkit-box-orient: vertical; min-width: fit-content; width: fit-content; margin: 0px 4px 0px 0px">
               <span style="font-size: 14px; font-weight: bold; color: rgba(203, 20, 0, 1); word-break: break-all; vertical-align: middle">
                68,900원
               </span>
              </div>
             </div>
             <div style="display: flex; flex-direction: column; min-width: fit-content; width: fit-content; margin: 0px 0px 4px 0px">
             </div>
             <div style="display: flex; flex-direction: row; -webkit-box-sizing: border-box; min-width: fit-content; width: fit-content">
             </div>
             <div style="display: flex; flex-direction: row; -webkit-box-sizing: border-box; min-width: fit-content; width: fit-content; align-items: flex-end">
              <div style="display: flex; min-width: fit-content; width: fit-content; height: 13px; min-height: 13px; margin: 0px 2px 0px 0px">
               <span style="display: block; background-image: url(//static.coupangcdn.com/image/cmg/common/rating-star/RDS.png); background-repeat: no-repeat; width: 60px; height: 12px; background-size: 60px 24px; background-position: 0 -12px">
                <em style="display: block; background-image: url(//static.coupangcdn.com/image/cmg/common/rating-star/RDS.png); background-repeat: no-repeat; width: 80%; height: 12px; background-size: 60px 24px; background-position: 0 0">
                </em>
               </span>
              </div>
              <div style="-webkit-line-clamp: 1; overflow: hidden; display: -webkit-box!important; -webkit-box-orient: vertical; min-width: fit-content; width: fit-content">
               <span style="font-size: 12px; font-weight: normal; color: rgba(118, 134, 149, 1); word-break: break-all; vertical-align: middle">
                (20)
               </span>
              </div>
             </div>
            </div>
            <div style="display: flex; flex-direction: column; width: 1px; min-width: 1px; align-self: stretch; margin: 0px 0px 16px 0px; background-color: rgba(238, 238, 238, 1)">
            </div>
           </div>
           <div style="display: flex; flex-direction: row; -webkit-box-sizing: border-box; min-width: fit-content; width: fit-content">
            <div class="cmg-dco-carousel-item cmg-dco-carousel-product" data-adsplatform='{"viewImpression": "https://mercury.coupang.com/e.gif?r=HEfXSEHY2FWK726MHHi1FKcG49LHCLXNYsWH0QlCjMGwH99eHoWbxqunXzA38M2HbDmosPNTZfB0E0-zIsWAWX9lU8WGx12rV8zIkso0VGLFR1wExpUPbuXriQoIpOCk-GDs7D8ivkFaw35O0douonISW1WCFFfFucMbosPCQC9GfC4FXaKMkG8tN3LrXY8e_3ZKH4ugEwcuf8tEO-I3PkG_-IjhYpNOpYY8SyxZfMWVGUT78h3u_-4gjxjASgseSmLFsA-X-ueqDCUhD7Uz6JnAPX9mDvRgYKx2BM7gUWPj9HWgI7ZIQUxp56FKBDErwdAkeZcv8JBkTQAuWvYCMwSqJMINK8Ln6CHxBs5ZatHNO-jimcQPUY2GI1RHpxC9nChnZE2SAeyt0lrACyCJ0gGbEQDFYscBW7k1uN2oYB2tZoKh7kdj3jykcXfJsvc36rAor4TSl1jhO2ehJFmVONgzJmcRJbvbTaSafR7vm-19Fdc9SArSXwEIJ0WW61Pz81nvS8AdxO1nQsQFXyDl_kcHH2rdXwty7FX95oK_NxbtI9DgNqhAGu6NnQ%3D%3D%7EIjpS9n6PE-S0ozTGIhehfOfZoGykxRp1X7sbHU6baTUknf0tmm03bWpn7yhBIZfp-2bZysMQPYaBDRNSQW3wak4Zvvq1leYkgXhuIQsQ4uTdLZc1KfBgE3Z16ZHC13P2AMWuvhLOTDA8n2lO4mUyXgLAfzZUBCzODSn--7DEFgUonZ2FSnvtuLrH_vq5keLAlAVJbv0ZlJKoBQ5V2bhoIgp5yTfnInx13iCiQcfezpfDaGiVvPat6V54W3QCD3a-dHw9Mao1S_xX0AkRMm0zhkEa-MHq5R3rrLCbwph4vDJCpL1uwaP2vb558lOKjw5A-z-AMipTS0ABEyISt1LkUFqedAmAEyVASgM6LsTHmvtp0P5X8amuAMP-fS4Esu90vRQQDn9J1IHiycjwQKx4BXwIKGLxCZKv2Pe_%7EBp5q7zmaBncv4lWYBsG3azqdlLYdFr6EnsCv0m5e6nG_pFmfK-TMY-6dJXuRGn0G4iJenEAB79UB&amp;templateId=3881"}' style="display: flex; flex-direction: column; width: 124px; min-width: 124px; margin: 0px 12px 16px 12px">
             <div style="width: 124px; min-width: 124px; height: 124px; min-height: 124px; margin: 0px 0px 8px 0px; overflow: hidden">
              <img class="main-image" src="https://thumbnail9.coupangcdn.com/thumbnails/remote/292x292q65ex/image/vendor_inventory/506a/ee4f79307acb56bcd4be22e88b6d44b5f37c7885e0717de2bbc97d657dc7.jpg" style="vertical-align: top; height: 100%; object-fit: contain;border-radius: 0px 0px 0px 0px;"/>
             </div>
             <div style="-webkit-line-clamp: 100; overflow: hidden; display: -webkit-box!important; -webkit-box-orient: vertical; min-width: fit-content; width: fit-content; padding: 0px 0px 6px 0px">
              <span style="font-size: 12px; font-weight: bold; color: rgba(99, 115, 129, 1); word-break: break-all; vertical-align: middle">
               무료배송
              </span>
             </div>
             <div style="-webkit-line-clamp: 2; overflow: hidden; display: -webkit-box!important; -webkit-box-orient: vertical; width: 100%;; margin: 0px 0px 4px 0px">
              <span class="product-title" style="font-size: 14px; font-weight: normal; color: rgba(33, 43, 54, 1); word-break: break-all; vertical-align: middle">
               맛있닭 [랭킹닭컴] 저염 스팀 닭가슴살 오리지널, 100g, 30개
              </span>
             </div>
             <div style="display: flex; flex-direction: row; -webkit-box-sizing: border-box; min-width: fit-content; width: fit-content; margin: 0px 0px 4px 0px; align-items: center">
              <div style="-webkit-line-clamp: 1; overflow: hidden; display: -webkit-box!important; -webkit-box-orient: vertical; min-width: fit-content; width: fit-content; margin: 0px 4px 0px 0px">
               <span style="font-size: 14px; font-weight: bold; color: rgba(203, 20, 0, 1); word-break: break-all; vertical-align: middle">
                73,800원
               </span>
              </div>
             </div>
             <div style="display: flex; flex-direction: column; min-width: fit-content; width: fit-content; margin: 0px 0px 4px 0px">
             </div>
             <div style="display: flex; flex-direction: row; -webkit-box-sizing: border-box; min-width: fit-content; width: fit-content">
             </div>
             <div style="display: flex; flex-direction: row; -webkit-box-sizing: border-box; min-width: fit-content; width: fit-content; align-items: flex-end">
              <div style="display: flex; min-width: fit-content; width: fit-content; height: 13px; min-height: 13px; margin: 0px 2px 0px 0px">
               <span style="display: block; background-image: url(//static.coupangcdn.com/image/cmg/common/rating-star/RDS.png); background-repeat: no-repeat; width: 60px; height: 12px; background-size: 60px 24px; background-position: 0 -12px">
                <em style="display: block; background-image: url(//static.coupangcdn.com/image/cmg/common/rating-star/RDS.png); background-repeat: no-repeat; width: 100%; height: 12px; background-size: 60px 24px; background-position: 0 0">
                </em>
               </span>
              </div>
              <div style="-webkit-line-clamp: 1; overflow: hidden; display: -webkit-box!important; -webkit-box-orient: vertical; min-width: fit-content; width: fit-content">
               <span style="font-size: 12px; font-weight: normal; color: rgba(118, 134, 149, 1); word-break: break-all; vertical-align: middle">
                (610)
               </span>
              </div>
             </div>
            </div>
            <div style="display: flex; flex-direction: column; width: 1px; min-width: 1px; align-self: stretch; margin: 0px 0px 16px 0px; background-color: rgba(238, 238, 238, 1)">
            </div>
           </div>
           <div style="display: flex; flex-direction: row; -webkit-box-sizing: border-box; min-width: fit-content; width: fit-content">
            <div class="cmg-dco-carousel-item cmg-dco-carousel-product" data-adsplatform='{"viewImpression": "https://mercury.coupang.com/e.gif?r=HEfXSEHY2FWK726MHHi1FKcG49LHCLXNYsWH0QlCjMGwH99eHoWbxqunXzA38M2HbDmosPNTZfB0E0-zIsWAWX9lU8WGx12rV8zIkso0VGLFR1wExpUPbuXriQoIpOCk-GDs7D8ivkFaw35O0douonISW1WCFFfFucMbosPCQC9GfC4FXaKMkG8tN3LrXY8e_3ZKH4ugEwcuf8tEO-I3PkG_-IjhYpNOpYY8SyxZfMWVGUT78h3u_-4gjxjASgseSmLFsA-X-ueqDCUhD7Uz6JnAPX9mDvRgYKx2BM7gUWPj9HWgI7ZIQUxp56FKBDErwdAkeZcv8JBkTQAuWvYCMwSqJMINK8Ln6CHxBs5ZatHNO-jimcQPUY2GI1RHpxC9nChnZE2SAeyt0lrACyCJ0gGbEQDFYscBW7k1uN2oYB2tZoKh7kdj3jykcXfJsvc36rAor4TSl1jhO2ehJFmVONgzJmcRJbvbTaSafR7vm-19Fdc9SArSXwEIJ0WW61Pz81nvS8AdxO1nQsQFXyDl_kcHH2rdXwty7FX95oK_NxbtI9DgNqhAGu6NnQ%3D%3D%7EH7ZifQbsW8RNS7mHH4lAMheoKsXi1_ZRDbaAXm0K0wB7_xReewJgvJWrMAcGFVEcch-fm1WLdO6ZTJshgR_01EeNHg9WUP68vzF0QYZ-Ye-DR4QDt1AgUVSn9IXpZQaHXhhKlUP1jksody5CnCZ1BFDbKslCD9V23nr-CLGmPUYELQ65F35fNn-QgCRNhixln6e76ZeAKPnWkXpn9DzJ4XZ5wdYSFPF4m4j8UiGaTXhCr6J7cNQpOKdIXYs4kCh1fWMdoBQPXUg3HnpsPb_RjXld4f9BDB_klu6cS4hOQb06waV8DWq57QSTeoNgJtyPpxQG64Fho3UB3ifgR7pc110T_-5bYOB6Fw4gVfrCt7VNGiQMaJCZXS0tPeDYR8QN-wwp8I8SlgRBbGvkK4xn6oSJk9yANBQFez7F41_v%7EBp5q7zmaBncv4lWYBsG3azqdlLYdFr6EnsCv0m5e6nG_pFmfK-TMY-6dJXuRGn0G4iJenEAB79UB&amp;templateId=3881"}' style="display: flex; flex-direction: column; width: 124px; min-width: 124px; margin: 0px 12px 16px 12px">
             <div style="width: 124px; min-width: 124px; height: 124px; min-height: 124px; margin: 0px 0px 8px 0px; overflow: hidden">
              <img class="main-image" src="https://thumbnail11.coupangcdn.com/thumbnails/remote/292x292q65ex/image/vendor_inventory/d42e/0af36b764b68ab07e359dc58b167fe6d1f65fa6f1eb97278e1b42002369d.jpg" style="vertical-align: top; height: 100%; object-fit: contain;border-radius: 0px 0px 0px 0px;"/>
             </div>
             <div style="-webkit-line-clamp: 100; overflow: hidden; display: -webkit-box!important; -webkit-box-orient: vertical; min-width: fit-content; width: fit-content; padding: 0px 0px 6px 0px">
              <span style="font-size: 12px; font-weight: bold; color: rgba(99, 115, 129, 1); word-break: break-all; vertical-align: middle">
               무료배송
              </span>
             </div>
             <div style="-webkit-line-clamp: 2; overflow: hidden; display: -webkit-box!important; -webkit-box-orient: vertical; width: 100%;; margin: 0px 0px 4px 0px">
              <span class="product-title" style="font-size: 14px; font-weight: normal; color: rgba(33, 43, 54, 1); word-break: break-all; vertical-align: middle">
               서동 맛에 반했닭 닭가슴살 (통구이마늘8 + 유린기8 + 떡볶이8 + 양념치킨8 + 왕갈비8 / 총 40팩), 4000g, 1세트
              </span>
             </div>
             <div style="display: flex; flex-direction: row; -webkit-box-sizing: border-box; min-width: fit-content; width: fit-content; margin: 0px 0px 4px 0px; align-items: center">
              <div style="-webkit-line-clamp: 1; overflow: hidden; display: -webkit-box!important; -webkit-box-orient: vertical; min-width: fit-content; width: fit-content; margin: 0px 4px 0px 0px">
               <span style="font-size: 14px; font-weight: bold; color: rgba(203, 20, 0, 1); word-break: break-all; vertical-align: middle">
                56,750원
               </span>
              </div>
             </div>
             <div style="display: flex; flex-direction: column; min-width: fit-content; width: fit-content; margin: 0px 0px 4px 0px">
             </div>
             <div style="display: flex; flex-direction: row; -webkit-box-sizing: border-box; min-width: fit-content; width: fit-content">
             </div>
             <div style="display: flex; flex-direction: row; -webkit-box-sizing: border-box; min-width: fit-content; width: fit-content; align-items: flex-end">
              <div style="display: flex; min-width: fit-content; width: fit-content; height: 13px; min-height: 13px; margin: 0px 2px 0px 0px">
               <span style="display: block; background-image: url(//static.coupangcdn.com/image/cmg/common/rating-star/RDS.png); background-repeat: no-repeat; width: 60px; height: 12px; background-size: 60px 24px; background-position: 0 -12px">
                <em style="display: block; background-image: url(//static.coupangcdn.com/image/cmg/common/rating-star/RDS.png); background-repeat: no-repeat; width: 80%; height: 12px; background-size: 60px 24px; background-position: 0 0">
                </em>
               </span>
              </div>
              <div style="-webkit-line-clamp: 1; overflow: hidden; display: -webkit-box!important; -webkit-box-orient: vertical; min-width: fit-content; width: fit-content">
               <span style="font-size: 12px; font-weight: normal; color: rgba(118, 134, 149, 1); word-break: break-all; vertical-align: middle">
                (165)
               </span>
              </div>
             </div>
            </div>
            <div style="display: flex; flex-direction: column; width: 1px; min-width: 1px; align-self: stretch; margin: 0px 0px 16px 0px; background-color: rgba(238, 238, 238, 1)">
            </div>
           </div>
           <div style="display: flex; flex-direction: row; -webkit-box-sizing: border-box; min-width: fit-content; width: fit-content">
            <div class="cmg-dco-carousel-item cmg-dco-carousel-product" data-adsplatform='{"viewImpression": "https://mercury.coupang.com/e.gif?r=HEfXSEHY2FWK726MHHi1FKcG49LHCLXNYsWH0QlCjMGwH99eHoWbxqunXzA38M2HbDmosPNTZfB0E0-zIsWAWX9lU8WGx12rV8zIkso0VGLFR1wExpUPbuXriQoIpOCk-GDs7D8ivkFaw35O0douonISW1WCFFfFucMbosPCQC9GfC4FXaKMkG8tN3LrXY8e_3ZKH4ugEwcuf8tEO-I3PkG_-IjhYpNOpYY8SyxZfMWVGUT78h3u_-4gjxjASgseSmLFsA-X-ueqDCUhD7Uz6JnAPX9mDvRgYKx2BM7gUWPj9HWgI7ZIQUxp56FKBDErwdAkeZcv8JBkTQAuWvYCMwSqJMINK8Ln6CHxBs5ZatHNO-jimcQPUY2GI1RHpxC9nChnZE2SAeyt0lrACyCJ0gGbEQDFYscBW7k1uN2oYB2tZoKh7kdj3jykcXfJsvc36rAor4TSl1jhO2ehJFmVONgzJmcRJbvbTaSafR7vm-19Fdc9SArSXwEIJ0WW61Pz81nvS8AdxO1nQsQFXyDl_kcHH2rdXwty7FX95oK_NxbtI9DgNqhAGu6NnQ%3D%3D%7E0wzXi_wB5lBR_n2W06g5JWcHBtCUM3QB5A0iHIujwgO-KBZy34aGzXZncVqyjDRsFmUDb6xNSBqWFWbVym7dE52EOF-o8deDdWZKbyPp_R6DbuvLJnSafmyaGygJ4U5sJZCjFw0iHZyd69y-saIaSLxDCcaWGXZw6eRl6Av6_I_MWzs0e2v7NaJPQxzTcMKZZ7w8njK1ngOB-xz_VVdy4ECkQETOTomC6vhPKlVj-DWWI90d9CD_LtTZO3Duk_cqxEUas3VGorg_s5JptPuwcVHYsrXuyYVx9g4yBpSv9RFdIHrrvOL6xa8wy2U_iOmlbrbi34Bsdzt4i1jUiK3tYXypv4B_1h9CSUp-QtAWVTbJGzyQX6n0FgviSDH2RHj0_reLLRGHMNu3OhwEwWRKsUKtE_hY9zo_Bkya%7EBp5q7zmaBncv4lWYBsG3azqdlLYdFr6EnsCv0m5e6nG_pFmfK-TMY-6dJXuRGn0G4iJenEAB79UB&amp;templateId=3881"}' style="display: flex; flex-direction: column; width: 124px; min-width: 124px; margin: 0px 12px 16px 12px">
             <div style="width: 124px; min-width: 124px; height: 124px; min-height: 124px; margin: 0px 0px 8px 0px; overflow: hidden">
              <img class="main-image" src="https://thumbnail9.coupangcdn.com/thumbnails/remote/292x292q65ex/image/vendor_inventory/ac5c/7b51b9a8e3125499806b0557b8cc2735149b06080128f27d5843bf8c9889.jpg" style="vertical-align: top; height: 100%; object-fit: contain;border-radius: 0px 0px 0px 0px;"/>
             </div>
             <div style="-webkit-line-clamp: 100; overflow: hidden; display: -webkit-box!important; -webkit-box-orient: vertical; min-width: fit-content; width: fit-content; padding: 0px 0px 6px 0px">
              <span style="font-size: 12px; font-weight: bold; color: rgba(99, 115, 129, 1); word-break: break-all; vertical-align: middle">
               무료배송
              </span>
             </div>
             <div style="-webkit-line-clamp: 2; overflow: hidden; display: -webkit-box!important; -webkit-box-orient: vertical; width: 100%;; margin: 0px 0px 4px 0px">
              <span class="product-title" style="font-size: 14px; font-weight: normal; color: rgba(33, 43, 54, 1); word-break: break-all; vertical-align: middle">
               [랭킹닭컴] 러브잇 소프트 닭가슴살 오리지널, 100g, 30개
              </span>
             </div>
             <div style="display: flex; flex-direction: row; -webkit-box-sizing: border-box; min-width: fit-content; width: fit-content; margin: 0px 0px 4px 0px; align-items: center">
              <div style="-webkit-line-clamp: 1; overflow: hidden; display: -webkit-box!important; -webkit-box-orient: vertical; min-width: fit-content; width: fit-content; margin: 0px 4px 0px 0px">
               <span style="font-size: 14px; font-weight: bold; color: rgba(203, 20, 0, 1); word-break: break-all; vertical-align: middle">
                79,200원
               </span>
              </div>
             </div>
             <div style="display: flex; flex-direction: column; min-width: fit-content; width: fit-content; margin: 0px 0px 4px 0px">
             </div>
             <div style="display: flex; flex-direction: row; -webkit-box-sizing: border-box; min-width: fit-content; width: fit-content">
             </div>
             <div style="display: flex; flex-direction: row; -webkit-box-sizing: border-box; min-width: fit-content; width: fit-content; align-items: flex-end">
              <div style="display: flex; min-width: fit-content; width: fit-content; height: 13px; min-height: 13px; margin: 0px 2px 0px 0px">
               <span style="display: block; background-image: url(//static.coupangcdn.com/image/cmg/common/rating-star/RDS.png); background-repeat: no-repeat; width: 60px; height: 12px; background-size: 60px 24px; background-position: 0 -12px">
                <em style="display: block; background-image: url(//static.coupangcdn.com/image/cmg/common/rating-star/RDS.png); background-repeat: no-repeat; width: 90%; height: 12px; background-size: 60px 24px; background-position: 0 0">
                </em>
               </span>
              </div>
              <div style="-webkit-line-clamp: 1; overflow: hidden; display: -webkit-box!important; -webkit-box-orient: vertical; min-width: fit-content; width: fit-content">
               <span style="font-size: 12px; font-weight: normal; color: rgba(118, 134, 149, 1); word-break: break-all; vertical-align: middle">
                (2,349)
               </span>
              </div>
             </div>
            </div>
            <div style="display: flex; flex-direction: column; width: 1px; min-width: 1px; align-self: stretch; margin: 0px 0px 16px 0px; background-color: rgba(238, 238, 238, 1)">
            </div>
           </div>
           <div style="display: flex; flex-direction: row; -webkit-box-sizing: border-box; min-width: fit-content; width: fit-content">
            <div class="cmg-dco-carousel-item cmg-dco-carousel-product" data-adsplatform='{"viewImpression": "https://mercury.coupang.com/e.gif?r=HEfXSEHY2FWK726MHHi1FKcG49LHCLXNYsWH0QlCjMGwH99eHoWbxqunXzA38M2HbDmosPNTZfB0E0-zIsWAWX9lU8WGx12rV8zIkso0VGLFR1wExpUPbuXriQoIpOCk-GDs7D8ivkFaw35O0douonISW1WCFFfFucMbosPCQC9GfC4FXaKMkG8tN3LrXY8e_3ZKH4ugEwcuf8tEO-I3PkG_-IjhYpNOpYY8SyxZfMWVGUT78h3u_-4gjxjASgseSmLFsA-X-ueqDCUhD7Uz6JnAPX9mDvRgYKx2BM7gUWPj9HWgI7ZIQUxp56FKBDErwdAkeZcv8JBkTQAuWvYCMwSqJMINK8Ln6CHxBs5ZatHNO-jimcQPUY2GI1RHpxC9nChnZE2SAeyt0lrACyCJ0gGbEQDFYscBW7k1uN2oYB2tZoKh7kdj3jykcXfJsvc36rAor4TSl1jhO2ehJFmVONgzJmcRJbvbTaSafR7vm-19Fdc9SArSXwEIJ0WW61Pz81nvS8AdxO1nQsQFXyDl_kcHH2rdXwty7FX95oK_NxbtI9DgNqhAGu6NnQ%3D%3D%7ErzDpWNIeT9gJv7Fyr9LMOYf61MOigSx9zLidsWtUT4mJFCB-Irw-WTufIYKWkEUJTMJg8bQLwhYlff7VaP4SFsV2CzPs1nY8Hetm0jHdSgs_a8KuZqt02H2ekIOCve_4W0GDU9kshYUPNGn-TqkhSLGi7Ww_AsnNtDPDJ_U1BdWQWvs0b9k4ONWzxcj1-IJVKFIr3SYpYRfNZF8nxsKWUwrtYbBLcZYnySgf8Ijb-KmHnuxUK07_nDm-9ZT-SRuLH1Yf9dOLWshDSCqHpgQCgC_UzCChbLwYddXYhi-Ri51DMoqrivQWAqotwJ7V2zwUQ_bznOmoHWIoaA6IlMz1QaxV_G0NxUlko2-CgUgy6ZEMk0IdH8soIS0HVzj4w-UK0TJYB4FVIlja5gKqtUG1D5ctbmFgZfb5ETejzQ%3D%3D%7EBp5q7zmaBncv4lWYBsG3azqdlLYdFr6EnsCv0m5e6nG_pFmfK-TMY-6dJXuRGn0G4iJenEAB79UB&amp;templateId=3881"}' style="display: flex; flex-direction: column; width: 124px; min-width: 124px; margin: 0px 12px 16px 12px">
             <div style="width: 124px; min-width: 124px; height: 124px; min-height: 124px; margin: 0px 0px 8px 0px; overflow: hidden">
              <img class="main-image" src="https://thumbnail2.coupangcdn.com/thumbnails/remote/292x292q65ex/image/vendor_inventory/b997/f20ff49d296e275a2aef18f0f02c784c10bd3b3619ea8d5697b6aea290c6.jpg" style="vertical-align: top; height: 100%; object-fit: contain;border-radius: 0px 0px 0px 0px;"/>
             </div>
             <div style="-webkit-line-clamp: 100; overflow: hidden; display: -webkit-box!important; -webkit-box-orient: vertical; min-width: fit-content; width: fit-content; padding: 0px 0px 6px 0px">
              <span style="font-size: 12px; font-weight: bold; color: rgba(99, 115, 129, 1); word-break: break-all; vertical-align: middle">
               무료배송
              </span>
             </div>
             <div style="-webkit-line-clamp: 2; overflow: hidden; display: -webkit-box!important; -webkit-box-orient: vertical; width: 100%;; margin: 0px 0px 4px 0px">
              <span class="product-title" style="font-size: 14px; font-weight: normal; color: rgba(33, 43, 54, 1); word-break: break-all; vertical-align: middle">
               [랭킹닭컴] 잇메이트 스팀 닭가슴살 4종 혼합, 100g, 1세트
              </span>
             </div>
             <div style="display: flex; flex-direction: row; -webkit-box-sizing: border-box; min-width: fit-content; width: fit-content; margin: 0px 0px 4px 0px; align-items: center">
              <div style="-webkit-line-clamp: 1; overflow: hidden; display: -webkit-box!important; -webkit-box-orient: vertical; min-width: fit-content; width: fit-content; margin: 0px 4px 0px 0px">
               <span style="font-size: 14px; font-weight: bold; color: rgba(203, 20, 0, 1); word-break: break-all; vertical-align: middle">
                43,200원
               </span>
              </div>
             </div>
             <div style="display: flex; flex-direction: column; min-width: fit-content; width: fit-content; margin: 0px 0px 4px 0px">
             </div>
             <div style="display: flex; flex-direction: row; -webkit-box-sizing: border-box; min-width: fit-content; width: fit-content">
             </div>
             <div style="display: flex; flex-direction: row; -webkit-box-sizing: border-box; min-width: fit-content; width: fit-content; align-items: flex-end">
              <div style="display: flex; min-width: fit-content; width: fit-content; height: 13px; min-height: 13px; margin: 0px 2px 0px 0px">
               <span style="display: block; background-image: url(//static.coupangcdn.com/image/cmg/common/rating-star/RDS.png); background-repeat: no-repeat; width: 60px; height: 12px; background-size: 60px 24px; background-position: 0 -12px">
                <em style="display: block; background-image: url(//static.coupangcdn.com/image/cmg/common/rating-star/RDS.png); background-repeat: no-repeat; width: 100%; height: 12px; background-size: 60px 24px; background-position: 0 0">
                </em>
               </span>
              </div>
              <div style="-webkit-line-clamp: 1; overflow: hidden; display: -webkit-box!important; -webkit-box-orient: vertical; min-width: fit-content; width: fit-content">
               <span style="font-size: 12px; font-weight: normal; color: rgba(118, 134, 149, 1); word-break: break-all; vertical-align: middle">
                (9,999+)
               </span>
              </div>
             </div>
            </div>
            <div style="display: flex; flex-direction: column; width: 1px; min-width: 1px; align-self: stretch; margin: 0px 0px 16px 0px; background-color: rgba(238, 238, 238, 1)">
            </div>
           </div>
           <div style="display: flex; flex-direction: row; -webkit-box-sizing: border-box; min-width: fit-content; width: fit-content">
            <div class="cmg-dco-carousel-item cmg-dco-carousel-product" data-adsplatform='{"viewImpression": "https://mercury.coupang.com/e.gif?r=HEfXSEHY2FWK726MHHi1FKcG49LHCLXNYsWH0QlCjMGwH99eHoWbxqunXzA38M2HbDmosPNTZfB0E0-zIsWAWX9lU8WGx12rV8zIkso0VGLFR1wExpUPbuXriQoIpOCk-GDs7D8ivkFaw35O0douonISW1WCFFfFucMbosPCQC9GfC4FXaKMkG8tN3LrXY8e_3ZKH4ugEwcuf8tEO-I3PkG_-IjhYpNOpYY8SyxZfMWVGUT78h3u_-4gjxjASgseSmLFsA-X-ueqDCUhD7Uz6JnAPX9mDvRgYKx2BM7gUWPj9HWgI7ZIQUxp56FKBDErwdAkeZcv8JBkTQAuWvYCMwSqJMINK8Ln6CHxBs5ZatHNO-jimcQPUY2GI1RHpxC9nChnZE2SAeyt0lrACyCJ0gGbEQDFYscBW7k1uN2oYB2tZoKh7kdj3jykcXfJsvc36rAor4TSl1jhO2ehJFmVONgzJmcRJbvbTaSafR7vm-19Fdc9SArSXwEIJ0WW61Pz81nvS8AdxO1nQsQFXyDl_kcHH2rdXwty7FX95oK_NxbtI9DgNqhAGu6NnQ%3D%3D%7ESAT2oqV-eqgJQCgoSGtcQMBOOdPnyfgh5Ytib89TbxPaff951YjQ7Ob3Q973B8o-KisGBt6ZsLwiCdrAIU0XDplF6e6jfSeHMpqCFcRzp5ZEYi9_2ODHvFCxhWnJmFfFiMGHiuxnlEdT59NRyqmkRMdR1ujgMUdk2t-qIf5dIwXjRTJHpz8_k24DSK-s17diXAtTcHwtO-QLArjZUaUO-arDKNK6pM-cQbEbiAzt5yqNb5SoxL9Ng7NlIJzSLxO0ltUFPEiZS1MXWbKuz_wuzVI3XpV_KCbDV2_WwXk48m2SQix_bzEyxRvq9z4Ug_RDxN0ysWGJ5wX1vzPuxeIQckQTwq1UtdFsc7pc6bDwu0FEIyRNXPGN7uWJdl8z2DMXmUG7ZOFh3K-g1A2MC8CCvo7fPM2yBiAjqXVI6A%3D%3D%7EBp5q7zmaBncv4lWYBsG3azqdlLYdFr6EnsCv0m5e6nG_pFmfK-TMY-6dJXuRGn0G4iJenEAB79UB&amp;templateId=3881"}' style="display: flex; flex-direction: column; width: 124px; min-width: 124px; margin: 0px 12px 16px 12px">
             <div style="width: 124px; min-width: 124px; height: 124px; min-height: 124px; margin: 0px 0px 8px 0px; overflow: hidden">
              <img class="main-image" src="https://thumbnail14.coupangcdn.com/thumbnails/remote/292x292q65ex/image/vendor_inventory/fc5f/fae38ac789565c05dd80642bc988d8bbaf91cb475a0c792aac3be54b91c0.jpg" style="vertical-align: top; height: 100%; object-fit: contain;border-radius: 0px 0px 0px 0px;"/>
             </div>
             <div style="-webkit-line-clamp: 100; overflow: hidden; display: -webkit-box!important; -webkit-box-orient: vertical; min-width: fit-content; width: fit-content; padding: 0px 0px 6px 0px">
              <span style="font-size: 12px; font-weight: bold; color: rgba(99, 115, 129, 1); word-break: break-all; vertical-align: middle">
               무료배송
              </span>
             </div>
             <div style="-webkit-line-clamp: 2; overflow: hidden; display: -webkit-box!important; -webkit-box-orient: vertical; width: 100%;; margin: 0px 0px 4px 0px">
              <span class="product-title" style="font-size: 14px; font-weight: normal; color: rgba(33, 43, 54, 1); word-break: break-all; vertical-align: middle">
               [랭킹닭컴] 맛있닭 닭가슴살 스테이크 오리지널, 18개, 100g
              </span>
             </div>
             <div style="display: flex; flex-direction: row; -webkit-box-sizing: border-box; min-width: fit-content; width: fit-content; margin: 0px 0px 4px 0px; align-items: center">
              <div style="-webkit-line-clamp: 1; overflow: hidden; display: -webkit-box!important; -webkit-box-orient: vertical; min-width: fit-content; width: fit-content; margin: 0px 4px 0px 0px">
               <span style="font-size: 14px; font-weight: bold; color: rgba(203, 20, 0, 1); word-break: break-all; vertical-align: middle">
                32,000원
               </span>
              </div>
             </div>
             <div style="display: flex; flex-direction: column; min-width: fit-content; width: fit-content; margin: 0px 0px 4px 0px">
             </div>
             <div style="display: flex; flex-direction: row; -webkit-box-sizing: border-box; min-width: fit-content; width: fit-content">
             </div>
             <div style="display: flex; flex-direction: row; -webkit-box-sizing: border-box; min-width: fit-content; width: fit-content; align-items: flex-end">
              <div style="display: flex; min-width: fit-content; width: fit-content; height: 13px; min-height: 13px; margin: 0px 2px 0px 0px">
               <span style="display: block; background-image: url(//static.coupangcdn.com/image/cmg/common/rating-star/RDS.png); background-repeat: no-repeat; width: 60px; height: 12px; background-size: 60px 24px; background-position: 0 -12px">
                <em style="display: block; background-image: url(//static.coupangcdn.com/image/cmg/common/rating-star/RDS.png); background-repeat: no-repeat; width: 100%; height: 12px; background-size: 60px 24px; background-position: 0 0">
                </em>
               </span>
              </div>
              <div style="-webkit-line-clamp: 1; overflow: hidden; display: -webkit-box!important; -webkit-box-orient: vertical; min-width: fit-content; width: fit-content">
               <span style="font-size: 12px; font-weight: normal; color: rgba(118, 134, 149, 1); word-break: break-all; vertical-align: middle">
                (93)
               </span>
              </div>
             </div>
            </div>
            <div style="display: flex; flex-direction: column; width: 1px; min-width: 1px; align-self: stretch; margin: 0px 0px 16px 0px; background-color: rgba(238, 238, 238, 1)">
            </div>
           </div>
           <div style="display: flex; flex-direction: row; -webkit-box-sizing: border-box; min-width: fit-content; width: fit-content">
            <div class="cmg-dco-carousel-item cmg-dco-carousel-product" data-adsplatform='{"viewImpression": "https://mercury.coupang.com/e.gif?r=HEfXSEHY2FWK726MHHi1FKcG49LHCLXNYsWH0QlCjMGwH99eHoWbxqunXzA38M2HbDmosPNTZfB0E0-zIsWAWX9lU8WGx12rV8zIkso0VGLFR1wExpUPbuXriQoIpOCk-GDs7D8ivkFaw35O0douonISW1WCFFfFucMbosPCQC9GfC4FXaKMkG8tN3LrXY8e_3ZKH4ugEwcuf8tEO-I3PkG_-IjhYpNOpYY8SyxZfMWVGUT78h3u_-4gjxjASgseSmLFsA-X-ueqDCUhD7Uz6JnAPX9mDvRgYKx2BM7gUWPj9HWgI7ZIQUxp56FKBDErwdAkeZcv8JBkTQAuWvYCMwSqJMINK8Ln6CHxBs5ZatHNO-jimcQPUY2GI1RHpxC9nChnZE2SAeyt0lrACyCJ0gGbEQDFYscBW7k1uN2oYB2tZoKh7kdj3jykcXfJsvc36rAor4TSl1jhO2ehJFmVONgzJmcRJbvbTaSafR7vm-19Fdc9SArSXwEIJ0WW61Pz81nvS8AdxO1nQsQFXyDl_kcHH2rdXwty7FX95oK_NxbtI9DgNqhAGu6NnQ%3D%3D%7EON5QkI2zmiwGhKtJOA7fEPAOGN_S4OzdUl9b0uADiA6tlVWOXSI7gGuqcR2mY2ty2OgXXOlpbpYwz-wHO3h8C1yrX3kvn6XH94r2ffUUzCn6AkrmeOxEllGjlXEDTtBHntkevdJXXmUsIeJXvfFORds07MlZvHjFlleaMp_Iso1G6iw2LG0CNhBhaMHNiRtOT_7B9rAHw-c7GUI0NyBPu9RVbZyb4KjwzLZNOjwfTUD5NI03qY19JubSzamGyQD6T1xaBliysXEQBKOScZbJZ1hgashpNRpeiteOQACjMDbEwPK_SC1zIjBnT5Z4LUbkTv_uHG3jHZKnbHcn27L1FKpG0fV6uj8sm1nYCrH2kdtICyo0TsjKg2wk5hxMTpmyERr4imHWZo-9mlJMK-b6-QwQas6cikpJQaAC%7EBp5q7zmaBncv4lWYBsG3azqdlLYdFr6EnsCv0m5e6nG_pFmfK-TMY-6dJXuRGn0G4iJenEAB79UB&amp;templateId=3881"}' style="display: flex; flex-direction: column; width: 124px; min-width: 124px; margin: 0px 12px 16px 12px">
             <div style="width: 124px; min-width: 124px; height: 124px; min-height: 124px; margin: 0px 0px 8px 0px; overflow: hidden">
              <img class="main-image" src="https://thumbnail8.coupangcdn.com/thumbnails/remote/292x292q65ex/image/vendor_inventory/d243/23a05728c580b85b7aeee7b9fbcba5a39af854da157f5345cce1efae782a.jpg" style="vertical-align: top; height: 100%; object-fit: contain;border-radius: 0px 0px 0px 0px;"/>
             </div>
             <div style="-webkit-line-clamp: 100; overflow: hidden; display: -webkit-box!important; -webkit-box-orient: vertical; min-width: fit-content; width: fit-content; padding: 0px 0px 6px 0px">
              <span style="font-size: 12px; font-weight: bold; color: rgba(99, 115, 129, 1); word-break: break-all; vertical-align: middle">
               무료배송
              </span>
             </div>
             <div style="-webkit-line-clamp: 2; overflow: hidden; display: -webkit-box!important; -webkit-box-orient: vertical; width: 100%;; margin: 0px 0px 4px 0px">
              <span class="product-title" style="font-size: 14px; font-weight: normal; color: rgba(33, 43, 54, 1); word-break: break-all; vertical-align: middle">
               시그니처벨 다이어트 4주 식단 12종 닭가슴살 도시락, 4800g, 1세트
              </span>
             </div>
             <div style="display: flex; flex-direction: row; -webkit-box-sizing: border-box; min-width: fit-content; width: fit-content; margin: 0px 0px 4px 0px; align-items: center">
              <div style="-webkit-line-clamp: 1; overflow: hidden; display: -webkit-box!important; -webkit-box-orient: vertical; min-width: fit-content; width: fit-content; margin: 0px 4px 0px 0px">
               <span style="font-size: 14px; font-weight: bold; color: rgba(203, 20, 0, 1); word-break: break-all; vertical-align: middle">
                97,200원
               </span>
              </div>
             </div>
             <div style="display: flex; flex-direction: column; min-width: fit-content; width: fit-content; margin: 0px 0px 4px 0px">
             </div>
             <div style="display: flex; flex-direction: row; -webkit-box-sizing: border-box; min-width: fit-content; width: fit-content">
             </div>
             <div style="display: flex; flex-direction: row; -webkit-box-sizing: border-box; min-width: fit-content; width: fit-content; align-items: flex-end">
              <div style="display: flex; min-width: fit-content; width: fit-content; height: 13px; min-height: 13px; margin: 0px 2px 0px 0px">
               <span style="display: block; background-image: url(//static.coupangcdn.com/image/cmg/common/rating-star/RDS.png); background-repeat: no-repeat; width: 60px; height: 12px; background-size: 60px 24px; background-position: 0 -12px">
                <em style="display: block; background-image: url(//static.coupangcdn.com/image/cmg/common/rating-star/RDS.png); background-repeat: no-repeat; width: 90%; height: 12px; background-size: 60px 24px; background-position: 0 0">
                </em>
               </span>
              </div>
              <div style="-webkit-line-clamp: 1; overflow: hidden; display: -webkit-box!important; -webkit-box-orient: vertical; min-width: fit-content; width: fit-content">
               <span style="font-size: 12px; font-weight: normal; color: rgba(118, 134, 149, 1); word-break: break-all; vertical-align: middle">
                (2,048)
               </span>
              </div>
             </div>
            </div>
            <div style="display: flex; flex-direction: column; width: 1px; min-width: 1px; align-self: stretch; margin: 0px 0px 16px 0px; background-color: rgba(238, 238, 238, 1)">
            </div>
           </div>
          </div>
         </div>
        </div>
        <li class="product-qna tab-contents__content">
         <div class="prod-tab" id="prod-inquiry-list">
          <div class="prod-inquiry-list">
           <div class="clearFix">
            <h4 class="prod-inquiry-list__title">
             상품문의
            </h4>
            <a class="prod-inquiry-list__write-btn" href="javascript:;">
             문의하기
            </a>
           </div>
           <div class="prod-inquiry-list__emphasis">
            <ul>
             <li>
              구매한 상품의
              <em>
               취소/반품은 마이쿠팡 구매내역에서 신청
              </em>
              가능합니다.
             </li>
             <li>
              상품문의 및 후기게시판을 통해 취소나 환불, 반품 등은 처리되지 않습니다.
             </li>
             <li>
              <em>
               가격, 판매자, 교환/환불 및 배송 등 해당 상품 자체와 관련 없는 문의는 고객센터 내 1:1 문의하기
              </em>
              를 이용해주세요.
             </li>
             <li>
              <em>
               "해당 상품 자체"와 관계없는 글, 양도, 광고성, 욕설, 비방, 도배 등의 글은 예고 없이 이동, 노출제한, 삭제 등의 조치가 취해질 수 있습니다.
              </em>
             </li>
             <li>
              공개 게시판이므로 전화번호, 메일 주소 등 고객님의 소중한 개인정보는 절대 남기지 말아주세요.
             </li>
            </ul>
           </div>
           <div class="prod-inquiry-notice__container">
           </div>
           <div class="prod-inquiry-list__container">
           </div>
           <div class="prod-report">
            <p class="prod-report__text">
             판매 부적격 상품 또는 허위과장광고 및 지식재산권을 침해하는 상품의 경우 신고하여 주시기 바랍니다.
            </p>
            <a class="prod-report__button" href="javascript:;" id="productReport" title="신고하기">
             신고하기
            </a>
           </div>
          </div>
         </div>
        </li>
        <li class="product-etc tab-contents__content">
        </li>
       </ul>
      </div>
      <div id="peopleAlsoBought" style="">
       <div class="people-also-bought">
        <div class="people-also-bought-inner">
         <div class="ui-horizontal-pagination-scroller" id="cid_pmr1uxa1nph_5406340">
          <div class="hps-scroll-inner" style="width: 2580px;">
           <table>
            <tr>
             <td class="hps-component-mountpoint" key="cid_rph82jwp3ia_5406340" style="width: 2580px;">
              <div class="ui-recommendation-list">
               <div class="rl-header">
                <h2 class="rl-header__title">
                 다른 고객이 함께 구매한 상품
                </h2>
               </div>
               <div class="rl-list">
                <ul>
                 <li class="rl-item hps-scroll-item" data-index="0">
                  <a href="/vp/products/227331518?itemId=720227407&amp;searchId=deb525293edf4e82a5bfb5bc045b729a&amp;vendorItemId=4822351357&amp;sourceType=SDP_BOUGHT_TOGETHER" target="_blank" title="하림 IFF 닭 안심살 (냉동), 2kg, 1개">
                   <div class="rl-item__image-wrap">
                    <img alt="하림 IFF 닭 안심살 (냉동), 2kg, 1개" class="rl-item__image" onerror="this.src='//t1a.coupangcdn.com/thumbnails/remote/300x300/image/coupang/common/no_img_1000_1000.png'" src="//thumbnail9.coupangcdn.com/thumbnails/remote/300x300ex/image/retail/images/2268749378347033-0fab73d4-6e26-465d-8451-0f6d75ce8687.jpg"/>
                   </div>
                   <strong class="rl-item__title">
                    하림 IFF 닭 안심살 (냉동), 2kg, 1개
                   </strong>
                   <div class="clearFix">
                    <span class="rl-item__price">
                     <em>
                      18,150
                     </em>
                     원
                    </span>
                    <img class="rl-item__badge" src="//image7.coupangcdn.com/image/mobile_app/v3/brandsdp/loyalty/pc/rocket-fresh@2x.png"/>
                   </div>
                   <div class="rl-item__unit-price">
                    (100g당 908원)
                   </div>
                   <div class="rl-item__review">
                    <span class="rl-item__review-score-bg">
                     <span class="rl-item__review-score" style="width: 100%;">
                      <em>
                       100%
                      </em>
                     </span>
                    </span>
                    <span class="rl-item__review-count">
                     (6,266)
                    </span>
                   </div>
                  </a>
                 </li>
                 <li class="rl-item hps-scroll-item" data-index="1">
                  <a href="/vp/products/7118492748?itemId=17816949470&amp;searchId=deb525293edf4e82a5bfb5bc045b729a&amp;vendorItemId=84980884005&amp;sourceType=SDP_BOUGHT_TOGETHER" target="_blank" title="한강식품 IQF 무항생제 닭가슴살 (냉동), 1kg, 1개">
                   <div class="rl-item__image-wrap">
                    <img alt="한강식품 IQF 무항생제 닭가슴살 (냉동), 1kg, 1개" class="rl-item__image" onerror="this.src='//t1a.coupangcdn.com/thumbnails/remote/300x300/image/coupang/common/no_img_1000_1000.png'" src="//thumbnail7.coupangcdn.com/thumbnails/remote/300x300ex/image/retail/images/1619840489558196-cb2cd91e-ec2e-4ce2-9902-30b34a98c78c.jpg"/>
                   </div>
                   <strong class="rl-item__title">
                    한강식품 IQF 무항생제 닭가슴살 (냉동), 1kg, 1개
                   </strong>
                   <div class="clearFix">
                    <span class="rl-item__price">
                     <em>
                      7,990
                     </em>
                     원
                    </span>
                    <img class="rl-item__badge" src="//image7.coupangcdn.com/image/mobile_app/v3/brandsdp/loyalty/pc/rocket-fresh@2x.png"/>
                   </div>
                   <div class="rl-item__unit-price">
                    (100g당 799원)
                   </div>
                   <div class="rl-item__review">
                    <span class="rl-item__review-score-bg">
                     <span class="rl-item__review-score" style="width: 100%;">
                      <em>
                       100%
                      </em>
                     </span>
                    </span>
                    <span class="rl-item__review-count">
                     (15,288)
                    </span>
                   </div>
                  </a>
                 </li>
                 <li class="rl-item hps-scroll-item" data-index="2">
                  <a href="/vp/products/1539524428?itemId=2637432888&amp;searchId=deb525293edf4e82a5bfb5bc045b729a&amp;vendorItemId=70628298626&amp;sourceType=SDP_BOUGHT_TOGETHER" target="_blank" title="마니커 IQF 닭고기 가슴살 (냉동), 2kg, 1개">
                   <div class="rl-item__image-wrap">
                    <img alt="마니커 IQF 닭고기 가슴살 (냉동), 2kg, 1개" class="rl-item__image" onerror="this.src='//t1a.coupangcdn.com/thumbnails/remote/300x300/image/coupang/common/no_img_1000_1000.png'" src="//thumbnail7.coupangcdn.com/thumbnails/remote/300x300ex/image/retail/images/2020/04/27/11/8/88bb2904-5283-45bd-bf5b-cab0ccd186e0.jpg"/>
                   </div>
                   <strong class="rl-item__title">
                    마니커 IQF 닭고기 가슴살 (냉동), 2kg, 1개
                   </strong>
                   <div class="clearFix">
                    <span class="rl-item__price">
                     <em>
                      19,800
                     </em>
                     원
                    </span>
                    <img class="rl-item__badge" src="//image7.coupangcdn.com/image/mobile_app/v3/brandsdp/loyalty/pc/rocket-fresh@2x.png"/>
                   </div>
                   <div class="rl-item__unit-price">
                    (100g당 990원)
                   </div>
                   <div class="rl-item__review">
                    <span class="rl-item__review-score-bg">
                     <span class="rl-item__review-score" style="width: 100%;">
                      <em>
                       100%
                      </em>
                     </span>
                    </span>
                    <span class="rl-item__review-count">
                     (28,054)
                    </span>
                   </div>
                  </a>
                 </li>
                 <li class="rl-item hps-scroll-item" data-index="3">
                  <a href="/vp/products/191119084?itemId=546216633&amp;searchId=deb525293edf4e82a5bfb5bc045b729a&amp;vendorItemId=4432150675&amp;sourceType=SDP_BOUGHT_TOGETHER" target="_blank" title="올품 닭가슴살 슬라이스 IQF (냉동), 2kg, 1개">
                   <div class="rl-item__image-wrap">
                    <img alt="올품 닭가슴살 슬라이스 IQF (냉동), 2kg, 1개" class="rl-item__image" onerror="this.src='//t1a.coupangcdn.com/thumbnails/remote/300x300/image/coupang/common/no_img_1000_1000.png'" src="//thumbnail8.coupangcdn.com/thumbnails/remote/300x300ex/image/retail/images/2881241301179-92ce84a7-3d2a-47d5-8b6e-36612392b32e.jpg"/>
                   </div>
                   <strong class="rl-item__title">
                    올품 닭가슴살 슬라이스 IQF (냉동), 2kg, 1개
                   </strong>
                   <div class="clearFix">
                    <span class="rl-item__price">
                     <em>
                      16,740
                     </em>
                     원
                    </span>
                    <img class="rl-item__badge" src="//image7.coupangcdn.com/image/mobile_app/v3/brandsdp/loyalty/pc/rocket-fresh@2x.png"/>
                   </div>
                   <div class="rl-item__unit-price">
                    (100g당 837원)
                   </div>
                   <div class="rl-item__review">
                    <span class="rl-item__review-score-bg">
                     <span class="rl-item__review-score" style="width: 100%;">
                      <em>
                       100%
                      </em>
                     </span>
                    </span>
                    <span class="rl-item__review-count">
                     (23,796)
                    </span>
                   </div>
                  </a>
                 </li>
                 <li class="rl-item hps-scroll-item" data-index="4">
                  <a href="/vp/products/162464612?itemId=2742822116&amp;searchId=deb525293edf4e82a5bfb5bc045b729a&amp;vendorItemId=70732857872&amp;sourceType=SDP_BOUGHT_TOGETHER" target="_blank" title="하림 자연실록 무항생제 인증 닭가슴살 (냉장), 400g, 2팩">
                   <div class="rl-item__image-wrap">
                    <img alt="하림 자연실록 무항생제 인증 닭가슴살 (냉장), 400g, 2팩" class="rl-item__image" onerror="this.src='//t1a.coupangcdn.com/thumbnails/remote/300x300/image/coupang/common/no_img_1000_1000.png'" src="//thumbnail8.coupangcdn.com/thumbnails/remote/300x300ex/image/retail/images/2700689770636960-34c6ca24-d1a5-4a5c-892b-947d5daff14f.jpg"/>
                   </div>
                   <strong class="rl-item__title">
                    하림 자연실록 무항생제 인증 닭가슴살 (냉장), 400g, 2팩
                   </strong>
                   <div class="clearFix">
                    <span class="rl-item__price">
                     <em>
                      11,800
                     </em>
                     원
                    </span>
                    <img class="rl-item__badge" src="//image7.coupangcdn.com/image/mobile_app/v3/brandsdp/loyalty/pc/rocket-fresh@2x.png"/>
                   </div>
                   <div class="rl-item__unit-price">
                    (100g당 1,475원)
                   </div>
                   <div class="rl-item__review">
                    <span class="rl-item__review-score-bg">
                     <span class="rl-item__review-score" style="width: 100%;">
                      <em>
                       100%
                      </em>
                     </span>
                    </span>
                    <span class="rl-item__review-count">
                     (54,058)
                    </span>
                   </div>
                  </a>
                 </li>
                 <li class="rl-item hps-scroll-item" data-index="5">
                  <a href="/vp/products/6590899296?itemId=14872000437&amp;searchId=deb525293edf4e82a5bfb5bc045b729a&amp;vendorItemId=82111023081&amp;sourceType=SDP_BOUGHT_TOGETHER" target="_blank" title="곰곰 1등급 닭가슴살 (냉장), 1kg, 1개">
                   <div class="rl-item__image-wrap">
                    <img alt="곰곰 1등급 닭가슴살 (냉장), 1kg, 1개" class="rl-item__image" onerror="this.src='//t1a.coupangcdn.com/thumbnails/remote/300x300/image/coupang/common/no_img_1000_1000.png'" src="//thumbnail7.coupangcdn.com/thumbnails/remote/300x300ex/image/retail/images/1347591806252433-e988bb40-add4-4e8d-8254-591b38cc7198.jpg"/>
                   </div>
                   <strong class="rl-item__title">
                    곰곰 1등급 닭가슴살 (냉장), 1kg, 1개
                   </strong>
                   <div class="clearFix">
                    <span class="rl-item__price">
                     <em>
                      11,460
                     </em>
                     원
                    </span>
                    <img class="rl-item__badge" src="//image7.coupangcdn.com/image/mobile_app/v3/brandsdp/loyalty/pc/rocket-fresh@2x.png"/>
                   </div>
                   <div class="rl-item__unit-price">
                    (100g당 1,146원)
                   </div>
                   <div class="rl-item__review">
                    <span class="rl-item__review-score-bg">
                     <span class="rl-item__review-score" style="width: 100%;">
                      <em>
                       100%
                      </em>
                     </span>
                    </span>
                    <span class="rl-item__review-count">
                     (3,560)
                    </span>
                   </div>
                  </a>
                 </li>
                 <li class="rl-item hps-scroll-item" data-index="6">
                  <a href="/vp/products/4729882173?itemId=5992326618&amp;searchId=deb525293edf4e82a5bfb5bc045b729a&amp;vendorItemId=73290136782&amp;sourceType=SDP_BOUGHT_TOGETHER" target="_blank" title="하림 IFF 닭다리살 (냉동), 2000g, 1개">
                   <div class="rl-item__image-wrap">
                    <img alt="하림 IFF 닭다리살 (냉동), 2000g, 1개" class="rl-item__image" onerror="this.src='//t1a.coupangcdn.com/thumbnails/remote/300x300/image/coupang/common/no_img_1000_1000.png'" src="//thumbnail8.coupangcdn.com/thumbnails/remote/300x300ex/image/retail/images/2020/12/31/16/2/ac3dcdcc-7c99-4c07-a142-93491e7a34be.jpg"/>
                   </div>
                   <strong class="rl-item__title">
                    하림 IFF 닭다리살 (냉동), 2000g, 1개
                   </strong>
                   <div class="clearFix">
                    <span class="rl-item__price">
                     <em>
                      29,300
                     </em>
                     원
                    </span>
                    <img class="rl-item__badge" src="//image7.coupangcdn.com/image/mobile_app/v3/brandsdp/loyalty/pc/rocket-fresh@2x.png"/>
                   </div>
                   <div class="rl-item__unit-price">
                    (100g당 1,465원)
                   </div>
                   <div class="rl-item__review">
                    <span class="rl-item__review-score-bg">
                     <span class="rl-item__review-score" style="width: 100%;">
                      <em>
                       100%
                      </em>
                     </span>
                    </span>
                    <span class="rl-item__review-count">
                     (4,479)
                    </span>
                   </div>
                  </a>
                 </li>
                 <li class="rl-item hps-scroll-item" data-index="7">
                  <a href="/vp/products/7075133888?itemId=17582710388&amp;searchId=deb525293edf4e82a5bfb5bc045b729a&amp;vendorItemId=84749285821&amp;sourceType=SDP_BOUGHT_TOGETHER" target="_blank" title="농협안심한우 정육 세절 1등급 국거리용 (냉장), 300g, 1팩">
                   <div class="rl-item__image-wrap">
                    <img alt="농협안심한우 정육 세절 1등급 국거리용 (냉장), 300g, 1팩" class="rl-item__image" onerror="this.src='//t1a.coupangcdn.com/thumbnails/remote/300x300/image/coupang/common/no_img_1000_1000.png'" src="//thumbnail7.coupangcdn.com/thumbnails/remote/300x300ex/image/retail/images/283039756298989-f19499c8-2343-43dc-99c8-8e29891dda97.jpg"/>
                   </div>
                   <strong class="rl-item__title">
                    농협안심한우 정육 세절 1등급 국거리용 (냉장), 300g, 1팩
                   </strong>
                   <div class="clearFix">
                    <span class="rl-item__price">
                     <em>
                      11,670
                     </em>
                     원
                    </span>
                    <img class="rl-item__badge" src="//image7.coupangcdn.com/image/mobile_app/v3/brandsdp/loyalty/pc/rocket-fresh@2x.png"/>
                   </div>
                   <div class="rl-item__unit-price">
                    (100g당 3,890원)
                   </div>
                   <div class="rl-item__review">
                    <span class="rl-item__review-score-bg">
                     <span class="rl-item__review-score" style="width: 90%;">
                      <em>
                       90%
                      </em>
                     </span>
                    </span>
                    <span class="rl-item__review-count">
                     (12,357)
                    </span>
                   </div>
                  </a>
                 </li>
                 <li class="rl-item hps-scroll-item" data-index="8">
                  <a href="/vp/products/162464623?itemId=817493311&amp;searchId=deb525293edf4e82a5bfb5bc045b729a&amp;vendorItemId=5079516639&amp;sourceType=SDP_BOUGHT_TOGETHER" target="_blank" title="하림 자연실록 무항생제 인증 볶음탕용 닭고기 (냉장), 1kg, 1개">
                   <div class="rl-item__image-wrap">
                    <img alt="하림 자연실록 무항생제 인증 볶음탕용 닭고기 (냉장), 1kg, 1개" class="rl-item__image" onerror="this.src='//t1a.coupangcdn.com/thumbnails/remote/300x300/image/coupang/common/no_img_1000_1000.png'" src="//thumbnail7.coupangcdn.com/thumbnails/remote/300x300ex/image/retail/images/667131794502332-5ee476c5-430e-46eb-bdee-bda76dd99d8a.jpg"/>
                   </div>
                   <strong class="rl-item__title">
                    하림 자연실록 무항생제 인증 볶음탕용 닭고기 (냉장), 1kg, 1개
                   </strong>
                   <div class="clearFix">
                    <span class="rl-item__price">
                     <em>
                      8,860
                     </em>
                     원
                    </span>
                    <img class="rl-item__badge" src="//image7.coupangcdn.com/image/mobile_app/v3/brandsdp/loyalty/pc/rocket-fresh@2x.png"/>
                   </div>
                   <div class="rl-item__unit-price">
                    (100g당 886원)
                   </div>
                   <div class="rl-item__review">
                    <span class="rl-item__review-score-bg">
                     <span class="rl-item__review-score" style="width: 100%;">
                      <em>
                       100%
                      </em>
                     </span>
                    </span>
                    <span class="rl-item__review-count">
                     (67,166)
                    </span>
                   </div>
                  </a>
                 </li>
                 <li class="rl-item hps-scroll-item" data-index="9">
                  <a href="/vp/products/156688977?itemId=451180258&amp;searchId=deb525293edf4e82a5bfb5bc045b729a&amp;vendorItemId=4117267681&amp;sourceType=SDP_BOUGHT_TOGETHER" target="_blank" title="다향오리 1등급 훈제 오리 슬라이스, 600g, 1개">
                   <div class="rl-item__image-wrap">
                    <img alt="다향오리 1등급 훈제 오리 슬라이스, 600g, 1개" class="rl-item__image" onerror="this.src='//t1a.coupangcdn.com/thumbnails/remote/300x300/image/coupang/common/no_img_1000_1000.png'" src="//thumbnail8.coupangcdn.com/thumbnails/remote/300x300ex/image/retail/images/107202630603864-9300fd85-73c5-45bf-9bcf-83ee1a15a28d.jpg"/>
                   </div>
                   <strong class="rl-item__title">
                    다향오리 1등급 훈제 오리 슬라이스, 600g, 1개
                   </strong>
                   <div class="clearFix">
                    <span class="rl-item__price">
                     <em>
                      11,980
                     </em>
                     원
                    </span>
                    <img class="rl-item__badge" src="//image7.coupangcdn.com/image/mobile_app/v3/brandsdp/loyalty/pc/rocket-fresh@2x.png"/>
                   </div>
                   <div class="rl-item__unit-price">
                    (100g당 1,997원)
                   </div>
                   <div class="rl-item__review">
                    <span class="rl-item__review-score-bg">
                     <span class="rl-item__review-score" style="width: 100%;">
                      <em>
                       100%
                      </em>
                     </span>
                    </span>
                    <span class="rl-item__review-count">
                     (156,813)
                    </span>
                   </div>
                  </a>
                 </li>
                 <li class="rl-item hps-scroll-item" data-index="10">
                  <a href="/vp/products/195039921?itemId=559927315&amp;searchId=deb525293edf4e82a5bfb5bc045b729a&amp;vendorItemId=4470983046&amp;sourceType=SDP_BOUGHT_TOGETHER" target="_blank" title="요리락 양념목심칼집구이 (냉장), 1kg, 1개">
                   <div class="rl-item__image-wrap">
                    <img alt="요리락 양념목심칼집구이 (냉장), 1kg, 1개" class="rl-item__image" onerror="this.src='//t1a.coupangcdn.com/thumbnails/remote/300x300/image/coupang/common/no_img_1000_1000.png'" src="//thumbnail8.coupangcdn.com/thumbnails/remote/300x300ex/image/retail/images/655230862634-af8a9497-fb2a-48be-9539-2205578fb705.jpg"/>
                   </div>
                   <strong class="rl-item__title">
                    요리락 양념목심칼집구이 (냉장), 1kg, 1개
                   </strong>
                   <div class="clearFix">
                    <span class="rl-item__price">
                     <em>
                      12,230
                     </em>
                     원
                    </span>
                    <img class="rl-item__badge" src="//image7.coupangcdn.com/image/mobile_app/v3/brandsdp/loyalty/pc/rocket-fresh@2x.png"/>
                   </div>
                   <div class="rl-item__unit-price">
                    (100g당 1,223원)
                   </div>
                   <div class="rl-item__review">
                    <span class="rl-item__review-score-bg">
                     <span class="rl-item__review-score" style="width: 90%;">
                      <em>
                       90%
                      </em>
                     </span>
                    </span>
                    <span class="rl-item__review-count">
                     (60,152)
                    </span>
                   </div>
                  </a>
                 </li>
                 <li class="rl-item hps-scroll-item" data-index="11">
                  <a href="/vp/products/1203624977?itemId=2189161697&amp;searchId=deb525293edf4e82a5bfb5bc045b729a&amp;vendorItemId=70187147399&amp;sourceType=SDP_BOUGHT_TOGETHER" target="_blank" title="곰곰 한돈 앞다리살 찌개용 (냉장), 500g, 1개">
                   <div class="rl-item__image-wrap">
                    <img alt="곰곰 한돈 앞다리살 찌개용 (냉장), 500g, 1개" class="rl-item__image" onerror="this.src='//t1a.coupangcdn.com/thumbnails/remote/300x300/image/coupang/common/no_img_1000_1000.png'" src="//thumbnail7.coupangcdn.com/thumbnails/remote/300x300ex/image/retail/images/438752170375072-3086c245-df4d-4f88-a9cd-e4683c9d45c2.jpg"/>
                   </div>
                   <strong class="rl-item__title">
                    곰곰 한돈 앞다리살 찌개용 (냉장), 500g, 1개
                   </strong>
                   <div class="clearFix">
                    <span class="rl-item__price">
                     <em>
                      7,830
                     </em>
                     원
                    </span>
                    <img class="rl-item__badge" src="//image7.coupangcdn.com/image/mobile_app/v3/brandsdp/loyalty/pc/rocket-fresh@2x.png"/>
                   </div>
                   <div class="rl-item__unit-price">
                    (100g당 1,566원)
                   </div>
                   <div class="rl-item__review">
                    <span class="rl-item__review-score-bg">
                     <span class="rl-item__review-score" style="width: 90%;">
                      <em>
                       90%
                      </em>
                     </span>
                    </span>
                    <span class="rl-item__review-count">
                     (41,124)
                    </span>
                   </div>
                  </a>
                 </li>
                 <li class="rl-item hps-scroll-item" data-index="12">
                  <a href="/vp/products/1628662667?itemId=11049206816&amp;searchId=deb525293edf4e82a5bfb5bc045b729a&amp;vendorItemId=78328735918&amp;sourceType=SDP_BOUGHT_TOGETHER" target="_blank" title="하림 닭볶음탕용 닭고기 2개입 (냉장), 2000g, 1개">
                   <div class="rl-item__image-wrap">
                    <img alt="하림 닭볶음탕용 닭고기 2개입 (냉장), 2000g, 1개" class="rl-item__image" onerror="this.src='//t1a.coupangcdn.com/thumbnails/remote/300x300/image/coupang/common/no_img_1000_1000.png'" src="//thumbnail7.coupangcdn.com/thumbnails/remote/300x300ex/image/retail/images/1832588503665780-dfbeb730-77b3-4455-a26b-fe31fc9cd40b.jpg"/>
                   </div>
                   <strong class="rl-item__title">
                    하림 닭볶음탕용 닭고기 2개입 (냉장), 2000g, 1개
                   </strong>
                   <div class="clearFix">
                    <span class="rl-item__price">
                     <em>
                      13,960
                     </em>
                     원
                    </span>
                    <img class="rl-item__badge" src="//image7.coupangcdn.com/image/mobile_app/v3/brandsdp/loyalty/pc/rocket-fresh@2x.png"/>
                   </div>
                   <div class="rl-item__unit-price">
                    (100g당 698원)
                   </div>
                   <div class="rl-item__review">
                    <span class="rl-item__review-score-bg">
                     <span class="rl-item__review-score" style="width: 100%;">
                      <em>
                       100%
                      </em>
                     </span>
                    </span>
                    <span class="rl-item__review-count">
                     (122,441)
                    </span>
                   </div>
                  </a>
                 </li>
                 <li class="rl-item hps-scroll-item" data-index="13">
                  <a href="/vp/products/162464619?itemId=2742822352&amp;searchId=deb525293edf4e82a5bfb5bc045b729a&amp;vendorItemId=70732857640&amp;sourceType=SDP_BOUGHT_TOGETHER" target="_blank" title="하림 자연실록 무항생제 인증 닭다리살 정육 (냉장), 350g, 2팩">
                   <div class="rl-item__image-wrap">
                    <img alt="하림 자연실록 무항생제 인증 닭다리살 정육 (냉장), 350g, 2팩" class="rl-item__image" onerror="this.src='//t1a.coupangcdn.com/thumbnails/remote/300x300/image/coupang/common/no_img_1000_1000.png'" src="//thumbnail7.coupangcdn.com/thumbnails/remote/300x300ex/image/retail/images/2700754094560515-ebc4cbaa-4c4f-4750-8b41-2e6ae5ab26ed.jpg"/>
                   </div>
                   <strong class="rl-item__title">
                    하림 자연실록 무항생제 인증 닭다리살 정육 (냉장), 350g, 2팩
                   </strong>
                   <div class="clearFix">
                    <span class="rl-item__price">
                     <em>
                      12,980
                     </em>
                     원
                    </span>
                    <img class="rl-item__badge" src="//image7.coupangcdn.com/image/mobile_app/v3/brandsdp/loyalty/pc/rocket-fresh@2x.png"/>
                   </div>
                   <div class="rl-item__unit-price">
                    (100g당 1,854원)
                   </div>
                   <div class="rl-item__review">
                    <span class="rl-item__review-score-bg">
                     <span class="rl-item__review-score" style="width: 100%;">
                      <em>
                       100%
                      </em>
                     </span>
                    </span>
                    <span class="rl-item__review-count">
                     (54,996)
                    </span>
                   </div>
                  </a>
                 </li>
                 <li class="rl-item hps-scroll-item rl-last-item" data-index="14">
                  <a href="/vp/products/188172341?itemId=537362338&amp;searchId=deb525293edf4e82a5bfb5bc045b729a&amp;vendorItemId=4403158550&amp;sourceType=SDP_BOUGHT_TOGETHER" target="_blank" title="도드람 한돈 1등급 삼겹살 구이용 (냉장), 1kg, 1개">
                   <div class="rl-item__image-wrap">
                    <img alt="도드람 한돈 1등급 삼겹살 구이용 (냉장), 1kg, 1개" class="rl-item__image" onerror="this.src='//t1a.coupangcdn.com/thumbnails/remote/300x300/image/coupang/common/no_img_1000_1000.png'" src="//thumbnail10.coupangcdn.com/thumbnails/remote/300x300ex/image/retail/images/1044190816457-327ac1b1-7f0e-4517-bf6e-0fb3347ec312.jpg"/>
                   </div>
                   <strong class="rl-item__title">
                    도드람 한돈 1등급 삼겹살 구이용 (냉장), 1kg, 1개
                   </strong>
                   <div class="clearFix">
                    <span class="rl-item__price">
                     <em>
                      27,000
                     </em>
                     원
                    </span>
                    <img class="rl-item__badge" src="//image7.coupangcdn.com/image/mobile_app/v3/brandsdp/loyalty/pc/rocket-fresh@2x.png"/>
                   </div>
                   <div class="rl-item__unit-price">
                    (100g당 2,700원)
                   </div>
                   <div class="rl-item__review">
                    <span class="rl-item__review-score-bg">
                     <span class="rl-item__review-score" style="width: 90%;">
                      <em>
                       90%
                      </em>
                     </span>
                    </span>
                    <span class="rl-item__review-count">
                     (75,532)
                    </span>
                   </div>
                  </a>
                 </li>
                </ul>
               </div>
              </div>
             </td>
            </tr>
           </table>
          </div>
          <div class="hps-pagination-buttons">
           <div class="hps-pagination-buttons__prev" style="cursor: inherit; opacity: 0; display: none;">
           </div>
           <div class="hps-pagination-buttons__next" style="cursor: pointer; opacity: 1; display: block;">
           </div>
          </div>
         </div>
        </div>
       </div>
      </div>
      <div class="prod-ctl-or-fbt-recommend impression-log" data-fodium-widget="desktop/widgets/sdp/CTLorFBTProducts" data-fodium-widget-params='{
                "productId": "227331483",
                "itemId": "720227345",
                "vendorItemId": "4822351124",
                
                    "fashionItem": "false",
                
                "widgetId": "WIDGET_PC_SDP_002"}' data-impression-event-name="fbtctl" id="prod-clt-or-fbt-recommend" style="display:none;">
      </div>
      <div class="sc-item-list-placeholder impression-log" data-impression-event-name="scitem" id="scItemList" style="display: none;">
      </div>
      <div class="brand-other-products impression-log impression-log-reload" data-impression-event-name="brandshop" id="brandOtherProducts" style="">
       <div id="brandshop">
        <h4 class="brandshop-title">
         하림IFF의
         다른 상품들
        </h4>
        <div class="brandshop-content" id="brandshopContent">
         <div class="recommend-item">
          <a data-coulog='{"logCategory":"event", "logType":"click", "logLabel":"otherBrand", "customURL":"/click_other_brand","extraParam":"page=SDP&amp;type=brandSDP&amp;contents=otherBrand&amp;productId=227331518&amp;brandName=%ED%95%98%EB%A6%BCIFF&amp;vendorItemId=4822351357&amp;itemId=720227407"}' href="/vp/products/227331518?itemId=720227407&amp;vendorItemId=4822351357" title="하림 IFF 닭 안심살 (냉동), 2kg, 1개">
           <!-- for firefox work onerror event-->
           <img class="recommend-item__image" onerror="this.src='//img1.coupangcdn.com/image/coupang/common/no_img_1000_1000.png'" src="//thumbnail9.coupangcdn.com/thumbnails/remote/292x292q65ex/image/retail/images/2268749378347033-0fab73d4-6e26-465d-8451-0f6d75ce8687.jpg"/>
           <div class="recommend-item__title">
            하림 IFF 닭 안심살 (냉동), 2kg, 1개
           </div>
           <div class="recommend-item__price-container">
            <span class="recommend-item__price">
             18,150원
            </span>
           </div>
           <div class="product-review">
            <span class="rating-star-container" style="float:left;">
             <span class="rating-star-num" style="width: 100%;">
             </span>
            </span>
            <span class="count">
             (
             <em>
              6,266
             </em>
             )
            </span>
           </div>
          </a>
         </div>
         <div class="recommend-item">
          <a data-coulog='{"logCategory":"event", "logType":"click", "logLabel":"otherBrand", "customURL":"/click_other_brand","extraParam":"page=SDP&amp;type=brandSDP&amp;contents=otherBrand&amp;productId=1981783747&amp;brandName=%ED%95%98%EB%A6%BCIFF&amp;vendorItemId=71358366588&amp;itemId=3371656344"}' href="/vp/products/1981783747?itemId=3371656344&amp;vendorItemId=71358366588" title="하림 IFF 무항생제 인증 닭가슴살 다짐육 이유식용 2단계 (냉동), 300g, 1개">
           <!-- for firefox work onerror event-->
           <img class="recommend-item__image" onerror="this.src='//img1.coupangcdn.com/image/coupang/common/no_img_1000_1000.png'" src="//thumbnail10.coupangcdn.com/thumbnails/remote/292x292q65ex/image/retail/images/2020/08/20/10/7/e2734d09-6f22-4cda-9687-aae46415b203.jpg"/>
           <div class="recommend-item__title">
            하림 IFF 무항생제 인증 닭가슴살 다짐육 이유식용 2단계 (냉동), 300g, 1개
           </div>
           <div class="recommend-item__price-container">
            <span class="recommend-item__price">
             7,500원
            </span>
           </div>
           <div class="product-review">
            <span class="rating-star-container" style="float:left;">
             <span class="rating-star-num" style="width: 100%;">
             </span>
            </span>
            <span class="count">
             (
             <em>
              4,471
             </em>
             )
            </span>
           </div>
          </a>
         </div>
         <div class="recommend-item">
          <a data-coulog='{"logCategory":"event", "logType":"click", "logLabel":"otherBrand", "customURL":"/click_other_brand","extraParam":"page=SDP&amp;type=brandSDP&amp;contents=otherBrand&amp;productId=7961368089&amp;brandName=%ED%95%98%EB%A6%BCIFF&amp;vendorItemId=89059181072&amp;itemId=22011761650"}' href="/vp/products/7961368089?itemId=22011761650&amp;vendorItemId=89059181072" title="하림 IFF 닭가슴살 (냉동), 800g, 2개">
           <!-- for firefox work onerror event-->
           <img class="recommend-item__image" onerror="this.src='//img1.coupangcdn.com/image/coupang/common/no_img_1000_1000.png'" src="//thumbnail10.coupangcdn.com/thumbnails/remote/292x292q65ex/image/retail/images/706b7003-9cfc-4c44-8511-ca67f8461c0c349447268918978925.png"/>
           <div class="recommend-item__title">
            하림 IFF 닭가슴살 (냉동), 800g, 2개
           </div>
           <div class="recommend-item__price-container">
            <span class="recommend-item__price">
             14,600원
            </span>
           </div>
           <div class="cls_product-item-coupon-nudge">
            <span class="cls_product-item-coupon-nudge-icon">
             <i>
              1,000원
             </i>
            </span>
            <span class="cls_product-item-coupon-nudge-desc">
             와우 가입 쿠폰
            </span>
           </div>
           <div class="product-review">
            <span class="rating-star-container" style="float:left;">
             <span class="rating-star-num" style="width: 100%;">
             </span>
            </span>
            <span class="count">
             (
             <em>
              38
             </em>
             )
            </span>
           </div>
          </a>
         </div>
         <div class="recommend-item">
          <a data-coulog='{"logCategory":"event", "logType":"click", "logLabel":"otherBrand", "customURL":"/click_other_brand","extraParam":"page=SDP&amp;type=brandSDP&amp;contents=otherBrand&amp;productId=1981783749&amp;brandName=%ED%95%98%EB%A6%BCIFF&amp;vendorItemId=71358366605&amp;itemId=3371656346"}' href="/vp/products/1981783749?itemId=3371656346&amp;vendorItemId=71358366605" title="하림 IFF 무항생제 인증 닭안심 다짐육 이유식용 1단계 (냉동), 300g, 1개">
           <!-- for firefox work onerror event-->
           <img class="recommend-item__image" onerror="this.src='//img1.coupangcdn.com/image/coupang/common/no_img_1000_1000.png'" src="//thumbnail7.coupangcdn.com/thumbnails/remote/292x292q65ex/image/retail/images/2020/08/20/10/1/4ac1f583-da99-42ea-8a71-fd51d3a48010.jpg"/>
           <div class="recommend-item__title">
            하림 IFF 무항생제 인증 닭안심 다짐육 이유식용 1단계 (냉동), 300g, 1개
           </div>
           <div class="recommend-item__price-container">
            <span class="recommend-item__price">
             8,900원
            </span>
           </div>
           <div class="product-review">
            <span class="rating-star-container" style="float:left;">
             <span class="rating-star-num" style="width: 100%;">
             </span>
            </span>
            <span class="count">
             (
             <em>
              3,259
             </em>
             )
            </span>
           </div>
          </a>
         </div>
         <div class="brandshop-info impression-log" data-brand-name="하림IFF" data-impression-event-name="brandshop">
          <div class="brandshop-info-wrapper">
           <a data-coulog='{"logCategory":"event", "logType":"click", "logLabel":"brandShop", "customURL":"/click_sdp_brand_shop_banner", "extraParam":"page=SDP&amp;type=brandSDP&amp;contents=brandShop&amp;productId=&amp;itemId=&amp;vendorItemId=&amp;brandName="}' href="/np/products/brand-shop?brandName=%ED%95%98%EB%A6%BCIFF" id="brandshop-link">
            <div class="brandshop-info__image">
             <img alt="하림IFF" class="recommend-item__image" src="//image6.coupangcdn.com/image/brandLogo/brandLogo_d36e9a50-ac3a-4412-a830-8ab6af583f6b.jpg"/>
            </div>
            <h4 class="brandshop-info__title">
             <span>
              하림IFF
             </span>
            </h4>
            <div class="brandshop-info__subtitle">
             같은 브랜드 상품을 한곳에서 모아볼 수 있어요!
            </div>
            <div class="branshop-info__total">
             총
             <span class="brandshop-info__total--txt">
              35
             </span>
             개
            </div>
            <span class="brand-shop-info__more">
             브랜드샵 구경할까요?
            </span>
           </a>
          </div>
         </div>
        </div>
       </div>
      </div>
      <div class="sdp-ads impression-log" data-impression-event-name="sdp-bottom-ads" id="sdpBottomAds" style="">
       <div class="recommendation">
        <div class="recommendation-header">
         <div class="recommendation-header">
          <div class="recommendation-header__title">
           연관 추천 상품
          </div>
          <span class="recommendation-header__description">
           광고
           <i class="recommendation-header__description-icon">
           </i>
          </span>
          <span class="recommendation-header__description-icon-tooltip">
           쿠팡으로부터 광고 서비스를 구매한 제휴업체의 판매상품입니다.
          </span>
         </div>
        </div>
        <div class="recommendation-inner">
         <div class="ui-horizontal-pagination-scroller" id="cid_wi8ri0wxjc_5406273">
          <div class="hps-scroll-inner" style="width: 3450px;">
           <table>
            <tr>
             <td class="hps-component-mountpoint" key="cid_3cosppddesq_5406273" style="width: 3450px;">
              <div class="ui-recommendation-list">
               <div class="rl-list">
                <ul>
                 <li class="rl-item hps-scroll-item" data-index="0">
                  <a href="/vp/products/7786499922?itemId=20469688899&amp;searchId=dc59182d3ec84660914ddbf27614c1f1&amp;vendorItemId=87549101624&amp;sourceType=SDP_BOTTOM_ADS&amp;clickEventId=ce086980-1f2a-11ef-ad36-822b61942891" target="_blank" title="서동 맛에 반했닭 닭가슴살 (통구이마늘4 + 유린기4 + 떡볶이4 + 양념치킨4 + 왕갈비4 / 총 20팩), 20팩, 100g">
                   <div class="rl-item__image-wrap">
                    <img alt="서동 맛에 반했닭 닭가슴살 (통구이마늘4 + 유린기4 + 떡볶이4 + 양념치킨4 + 왕갈비4 / 총 20팩), 20팩, 100g" class="rl-item__image" onerror="this.src='//t1a.coupangcdn.com/thumbnails/remote/300x300/image/coupang/common/no_img_1000_1000.png'" src="//thumbnail6.coupangcdn.com/thumbnails/remote/300x300ex/image/vendor_inventory/fab0/e991dcaab43d30addbb50d8451c2e937d280e076171a51bd07d4d9fe9775.jpg"/>
                   </div>
                   <strong class="rl-item__title">
                    서동 맛에 반했닭 닭가슴살 (통구이마늘4 + 유린기4 + 떡볶이4 + 양념치킨4 + 왕갈비4 / 총 20팩), 20팩, 100g
                   </strong>
                   <div class="clearFix">
                    <span class="rl-item__price">
                     <em>
                      31,060
                     </em>
                     원
                    </span>
                   </div>
                   <div class="rl-item__unit-price">
                    (100g당 1,553원)
                   </div>
                   <div class="rl-item__review">
                    <span class="rl-item__review-score-bg">
                     <span class="rl-item__review-score" style="width: 90%;">
                      <em>
                       90%
                      </em>
                     </span>
                    </span>
                    <span class="rl-item__review-count">
                     (340)
                    </span>
                   </div>
                  </a>
                 </li>
                 <li class="rl-item hps-scroll-item" data-index="1">
                  <a href="/vp/products/7672087486?itemId=20469236153&amp;searchId=dc59182d3ec84660914ddbf27614c1f1&amp;vendorItemId=87548662722&amp;sourceType=SDP_BOTTOM_ADS&amp;clickEventId=ce086980-1f2a-11ef-b15b-9065b37c9cfa" target="_blank" title="서동 맛에 반했닭 닭가슴살 14+11 (총 25팩) 왕갈비, 25개, 100g">
                   <div class="rl-item__image-wrap">
                    <img alt="서동 맛에 반했닭 닭가슴살 14+11 (총 25팩) 왕갈비, 25개, 100g" class="rl-item__image" onerror="this.src='//t1a.coupangcdn.com/thumbnails/remote/300x300/image/coupang/common/no_img_1000_1000.png'" src="//thumbnail9.coupangcdn.com/thumbnails/remote/300x300ex/image/vendor_inventory/0cd3/21a5a3816d690152290d24b3ac04a83d900a11d04a8752b4eb91136b0b44.jpg"/>
                   </div>
                   <strong class="rl-item__title">
                    서동 맛에 반했닭 닭가슴살 14+11 (총 25팩) 왕갈비, 25개, 100g
                   </strong>
                   <div class="clearFix">
                    <span class="rl-item__price">
                     <em>
                      36,750
                     </em>
                     원
                    </span>
                   </div>
                   <div class="rl-item__unit-price">
                    (100g당 1,470원)
                   </div>
                   <div class="rl-item__review">
                    <span class="rl-item__review-score-bg">
                     <span class="rl-item__review-score" style="width: 90%;">
                      <em>
                       90%
                      </em>
                     </span>
                    </span>
                    <span class="rl-item__review-count">
                     (390)
                    </span>
                   </div>
                  </a>
                 </li>
                 <li class="rl-item hps-scroll-item" data-index="2">
                  <a href="/vp/products/7786500079?itemId=20469700631&amp;searchId=dc59182d3ec84660914ddbf27614c1f1&amp;vendorItemId=87549112936&amp;sourceType=SDP_BOTTOM_ADS&amp;clickEventId=ce086980-1f2a-11ef-89b1-8e102051ce6c" target="_blank" title="서동 맛에 반했닭 닭가슴살 (통구이마늘8 + 유린기8 + 떡볶이8 + 양념치킨8 + 왕갈비8 / 총 40팩), 4000g, 1세트">
                   <div class="rl-item__image-wrap">
                    <img alt="서동 맛에 반했닭 닭가슴살 (통구이마늘8 + 유린기8 + 떡볶이8 + 양념치킨8 + 왕갈비8 / 총 40팩), 4000g, 1세트" class="rl-item__image" onerror="this.src='//t1a.coupangcdn.com/thumbnails/remote/300x300/image/coupang/common/no_img_1000_1000.png'" src="//thumbnail7.coupangcdn.com/thumbnails/remote/300x300ex/image/vendor_inventory/d42e/0af36b764b68ab07e359dc58b167fe6d1f65fa6f1eb97278e1b42002369d.jpg"/>
                   </div>
                   <strong class="rl-item__title">
                    서동 맛에 반했닭 닭가슴살 (통구이마늘8 + 유린기8 + 떡볶이8 + 양념치킨8 + 왕갈비8 / 총 40팩), 4000g, 1세트
                   </strong>
                   <div class="clearFix">
                    <span class="rl-item__price">
                     <em>
                      56,750
                     </em>
                     원
                    </span>
                   </div>
                   <div class="rl-item__unit-price">
                    (100g당 1,419원)
                   </div>
                   <div class="rl-item__review">
                    <span class="rl-item__review-score-bg">
                     <span class="rl-item__review-score" style="width: 80%;">
                      <em>
                       80%
                      </em>
                     </span>
                    </span>
                    <span class="rl-item__review-count">
                     (165)
                    </span>
                   </div>
                  </a>
                 </li>
                 <li class="rl-item hps-scroll-item" data-index="3">
                  <a href="/vp/products/7665174079?itemId=20431780903&amp;searchId=dc59182d3ec84660914ddbf27614c1f1&amp;vendorItemId=5356628328&amp;sourceType=SDP_BOTTOM_ADS&amp;clickEventId=ce086980-1f2a-11ef-949e-0e58ee0837f5" target="_blank" title="[랭킹닭컴] 잇메이트 스팀 닭가슴살 4종 혼합, 100g, 1세트">
                   <div class="rl-item__image-wrap">
                    <img alt="[랭킹닭컴] 잇메이트 스팀 닭가슴살 4종 혼합, 100g, 1세트" class="rl-item__image" onerror="this.src='//t1a.coupangcdn.com/thumbnails/remote/300x300/image/coupang/common/no_img_1000_1000.png'" src="//thumbnail10.coupangcdn.com/thumbnails/remote/300x300ex/image/vendor_inventory/b997/f20ff49d296e275a2aef18f0f02c784c10bd3b3619ea8d5697b6aea290c6.jpg"/>
                   </div>
                   <strong class="rl-item__title">
                    [랭킹닭컴] 잇메이트 스팀 닭가슴살 4종 혼합, 100g, 1세트
                   </strong>
                   <div class="clearFix">
                    <span class="rl-item__price">
                     <em>
                      43,200
                     </em>
                     원
                    </span>
                   </div>
                   <div class="rl-item__unit-price">
                    (100g당 43,200원)
                   </div>
                   <div class="rl-item__review">
                    <span class="rl-item__review-score-bg">
                     <span class="rl-item__review-score" style="width: 100%;">
                      <em>
                       100%
                      </em>
                     </span>
                    </span>
                    <span class="rl-item__review-count">
                     (10,039)
                    </span>
                   </div>
                  </a>
                 </li>
                 <li class="rl-item hps-scroll-item" data-index="4">
                  <a href="/vp/products/27925883?itemId=107793200&amp;searchId=dc59182d3ec84660914ddbf27614c1f1&amp;vendorItemId=3121854825&amp;sourceType=SDP_BOTTOM_ADS&amp;clickEventId=ce086980-1f2a-11ef-90a2-01a8631e4a60" target="_blank" title="굽네 훈제 닭가슴살 오리지널, 100g, 20개">
                   <div class="rl-item__image-wrap">
                    <img alt="굽네 훈제 닭가슴살 오리지널, 100g, 20개" class="rl-item__image" onerror="this.src='//t1a.coupangcdn.com/thumbnails/remote/300x300/image/coupang/common/no_img_1000_1000.png'" src="//thumbnail6.coupangcdn.com/thumbnails/remote/300x300ex/image/vendor_inventory/c48f/15b233ba8a2e8535c448f21b600d505fc674dcc995beceab292ded13b617.jpg"/>
                   </div>
                   <strong class="rl-item__title">
                    굽네 훈제 닭가슴살 오리지널, 100g, 20개
                   </strong>
                   <div class="clearFix">
                    <span class="rl-item__price">
                     <em>
                      49,380
                     </em>
                     원
                    </span>
                   </div>
                   <div class="rl-item__unit-price">
                    (100g당 2,469원)
                   </div>
                   <div class="rl-item__review">
                    <span class="rl-item__review-score-bg">
                     <span class="rl-item__review-score" style="width: 90%;">
                      <em>
                       90%
                      </em>
                     </span>
                    </span>
                    <span class="rl-item__review-count">
                     (12,050)
                    </span>
                   </div>
                  </a>
                 </li>
                 <li class="rl-item hps-scroll-item" data-index="5">
                  <a href="/vp/products/7170490316?itemId=18063666769&amp;searchId=dc59182d3ec84660914ddbf27614c1f1&amp;vendorItemId=3096715081&amp;sourceType=SDP_BOTTOM_ADS&amp;clickEventId=ce086980-1f2a-11ef-9bd3-65fae8772e01" target="_blank" title="오쿡 오리지날 닭가슴살 200g 25개 (5kg)">
                   <div class="rl-item__image-wrap">
                    <img alt="오쿡 오리지날 닭가슴살 200g 25개 (5kg)" class="rl-item__image" onerror="this.src='//t1a.coupangcdn.com/thumbnails/remote/300x300/image/coupang/common/no_img_1000_1000.png'" src="//thumbnail10.coupangcdn.com/thumbnails/remote/300x300ex/image/vendor_inventory/ad8e/688dec3969715f77ec13cbd44cf6b4d3c161611f3293a887cd4d1503a91f.jpg"/>
                   </div>
                   <strong class="rl-item__title">
                    오쿡 오리지날 닭가슴살 200g 25개 (5kg)
                   </strong>
                   <div class="clearFix">
                    <span class="rl-item__price">
                     <em>
                      74,900
                     </em>
                     원
                    </span>
                   </div>
                   <div class="rl-item__unit-price">
                    (100g당 1,498원)
                   </div>
                   <div class="rl-item__review">
                    <span class="rl-item__review-score-bg">
                     <span class="rl-item__review-score" style="width: 90%;">
                      <em>
                       90%
                      </em>
                     </span>
                    </span>
                    <span class="rl-item__review-count">
                     (604)
                    </span>
                   </div>
                  </a>
                 </li>
                 <li class="rl-item hps-scroll-item" data-index="6">
                  <a href="/vp/products/1826041839?itemId=20964519662&amp;searchId=dc59182d3ec84660914ddbf27614c1f1&amp;vendorItemId=88029943596&amp;sourceType=SDP_BOTTOM_ADS&amp;clickEventId=ce086980-1f2a-11ef-8f3d-f45438d7d305" target="_blank" title="[군대 배송가능] 실온보관 편의점 닭가슴살 4가지맛 100g, 40개">
                   <div class="rl-item__image-wrap">
                    <img alt="[군대 배송가능] 실온보관 편의점 닭가슴살 4가지맛 100g, 40개" class="rl-item__image" onerror="this.src='//t1a.coupangcdn.com/thumbnails/remote/300x300/image/coupang/common/no_img_1000_1000.png'" src="//thumbnail6.coupangcdn.com/thumbnails/remote/300x300ex/image/vendor_inventory/a657/fd448c2a07e95960e0da149661feffb12fdf87be57dbe59358239ad5c657.jpg"/>
                   </div>
                   <strong class="rl-item__title">
                    [군대 배송가능] 실온보관 편의점 닭가슴살 4가지맛 100g, 40개
                   </strong>
                   <div class="clearFix">
                    <span class="rl-item__price">
                     <em>
                      88,000
                     </em>
                     원
                    </span>
                   </div>
                   <div class="rl-item__unit-price">
                    (100g당 2,200원)
                   </div>
                   <div class="rl-item__review">
                    <span class="rl-item__review-score-bg">
                     <span class="rl-item__review-score" style="width: 90%;">
                      <em>
                       90%
                      </em>
                     </span>
                    </span>
                    <span class="rl-item__review-count">
                     (60)
                    </span>
                   </div>
                  </a>
                 </li>
                 <li class="rl-item hps-scroll-item" data-index="7">
                  <a href="/vp/products/7814470446?itemId=21206210524&amp;searchId=dc59182d3ec84660914ddbf27614c1f1&amp;vendorItemId=88267440547&amp;sourceType=SDP_BOTTOM_ADS&amp;clickEventId=ce089090-1f2a-11ef-b8a7-4f80d08e0067" target="_blank" title="햇살닭 더촉촉한 소스 닭가슴살 100g 10종 24팩 / 소스 / 혼합구성, 24개">
                   <div class="rl-item__image-wrap">
                    <img alt="햇살닭 더촉촉한 소스 닭가슴살 100g 10종 24팩 / 소스 / 혼합구성, 24개" class="rl-item__image" onerror="this.src='//t1a.coupangcdn.com/thumbnails/remote/300x300/image/coupang/common/no_img_1000_1000.png'" src="//thumbnail7.coupangcdn.com/thumbnails/remote/300x300ex/image/vendor_inventory/ce88/f7b4d0196a8384e8c650bc6b70da5933ac4591911a7e0748336ef2ae5cfe.jpg"/>
                   </div>
                   <strong class="rl-item__title">
                    햇살닭 더촉촉한 소스 닭가슴살 100g 10종 24팩 / 소스 / 혼합구성, 24개
                   </strong>
                   <div class="clearFix">
                    <span class="rl-item__price">
                     <em>
                      37,900
                     </em>
                     원
                    </span>
                   </div>
                   <div class="rl-item__unit-price">
                    (100g당 1,579원)
                   </div>
                   <div class="rl-item__review">
                    <span class="rl-item__review-score-bg">
                     <span class="rl-item__review-score" style="width: 90%;">
                      <em>
                       90%
                      </em>
                     </span>
                    </span>
                    <span class="rl-item__review-count">
                     (278)
                    </span>
                   </div>
                  </a>
                 </li>
                 <li class="rl-item hps-scroll-item" data-index="8">
                  <a href="/vp/products/1440692207?itemId=2484444397&amp;searchId=dc59182d3ec84660914ddbf27614c1f1&amp;vendorItemId=5315020945&amp;sourceType=SDP_BOTTOM_ADS&amp;clickEventId=ce089090-1f2a-11ef-8d18-f3485c71de5b" target="_blank" title="랭킹닭컴 잇메이트 닭가슴살 스테이크 혼합구성, 100g, 15개">
                   <div class="rl-item__image-wrap">
                    <img alt="랭킹닭컴 잇메이트 닭가슴살 스테이크 혼합구성, 100g, 15개" class="rl-item__image" onerror="this.src='//t1a.coupangcdn.com/thumbnails/remote/300x300/image/coupang/common/no_img_1000_1000.png'" src="//thumbnail7.coupangcdn.com/thumbnails/remote/300x300ex/image/vendor_inventory/f76c/5db0437e8e1251b38efb7455d9b0683d6702afd83ce831beac82f728fe98.jpg"/>
                   </div>
                   <strong class="rl-item__title">
                    랭킹닭컴 잇메이트 닭가슴살 스테이크 혼합구성, 100g, 15개
                   </strong>
                   <div class="clearFix">
                    <span class="rl-item__price">
                     <em>
                      25,000
                     </em>
                     원
                    </span>
                   </div>
                   <div class="rl-item__unit-price">
                    (100g당 1,667원)
                   </div>
                   <div class="rl-item__review">
                    <span class="rl-item__review-score-bg">
                     <span class="rl-item__review-score" style="width: 100%;">
                      <em>
                       100%
                      </em>
                     </span>
                    </span>
                    <span class="rl-item__review-count">
                     (12,146)
                    </span>
                   </div>
                  </a>
                 </li>
                 <li class="rl-item hps-scroll-item" data-index="9">
                  <a href="/vp/products/7786503598?itemId=20799170621&amp;searchId=dc59182d3ec84660914ddbf27614c1f1&amp;vendorItemId=86417834210&amp;sourceType=SDP_BOTTOM_ADS&amp;clickEventId=ce089090-1f2a-11ef-ae68-1bcfca69d807" target="_blank" title="헬스앤뷰티 닭가슴살 소시지 11+11+3 (총 25팩) 훈제, 100g, 25개">
                   <div class="rl-item__image-wrap">
                    <img alt="헬스앤뷰티 닭가슴살 소시지 11+11+3 (총 25팩) 훈제, 100g, 25개" class="rl-item__image" onerror="this.src='//t1a.coupangcdn.com/thumbnails/remote/300x300/image/coupang/common/no_img_1000_1000.png'" src="//thumbnail7.coupangcdn.com/thumbnails/remote/300x300ex/image/vendor_inventory/6d2c/e4de41d01d1c26ed0aae30dd16bac0b9b4006995c35bf38d9a77085b053a.jpg"/>
                   </div>
                   <strong class="rl-item__title">
                    헬스앤뷰티 닭가슴살 소시지 11+11+3 (총 25팩) 훈제, 100g, 25개
                   </strong>
                   <div class="clearFix">
                    <span class="rl-item__price">
                     <em>
                      30,010
                     </em>
                     원
                    </span>
                   </div>
                   <div class="rl-item__unit-price">
                    (100g당 1,200원)
                   </div>
                   <div class="rl-item__review">
                    <span class="rl-item__review-score-bg">
                     <span class="rl-item__review-score" style="width: 90%;">
                      <em>
                       90%
                      </em>
                     </span>
                    </span>
                    <span class="rl-item__review-count">
                     (66)
                    </span>
                   </div>
                  </a>
                 </li>
                 <li class="rl-item hps-scroll-item" data-index="10">
                  <a href="/vp/products/274795482?itemId=20920617753&amp;searchId=dc59182d3ec84660914ddbf27614c1f1&amp;vendorItemId=5197492392&amp;sourceType=SDP_BOTTOM_ADS&amp;clickEventId=ce089090-1f2a-11ef-b65f-8b84c6e53605" target="_blank" title="육식토끼 닭가슴살 클래식, 150g, 67개">
                   <div class="rl-item__image-wrap">
                    <img alt="육식토끼 닭가슴살 클래식, 150g, 67개" class="rl-item__image" onerror="this.src='//t1a.coupangcdn.com/thumbnails/remote/300x300/image/coupang/common/no_img_1000_1000.png'" src="//thumbnail8.coupangcdn.com/thumbnails/remote/300x300ex/image/vendor_inventory/495d/38cd7b0cfba61116b2682c4ebc7bb1bb138f77afd16cdf7c0ba013f7eb90.jpg"/>
                   </div>
                   <strong class="rl-item__title">
                    육식토끼 닭가슴살 클래식, 150g, 67개
                   </strong>
                   <div class="clearFix">
                    <span class="rl-item__price">
                     <em>
                      135,000
                     </em>
                     원
                    </span>
                   </div>
                   <div class="rl-item__unit-price">
                    (100g당 1,343원)
                   </div>
                   <div class="rl-item__review">
                    <span class="rl-item__review-score-bg">
                     <span class="rl-item__review-score" style="width: 90%;">
                      <em>
                       90%
                      </em>
                     </span>
                    </span>
                    <span class="rl-item__review-count">
                     (3,163)
                    </span>
                   </div>
                  </a>
                 </li>
                 <li class="rl-item hps-scroll-item" data-index="11">
                  <a href="/vp/products/7370891235?itemId=19013373171&amp;searchId=dc59182d3ec84660914ddbf27614c1f1&amp;vendorItemId=86137988339&amp;sourceType=SDP_BOTTOM_ADS&amp;clickEventId=ce089090-1f2a-11ef-8a12-b99d2dc0b23a" target="_blank" title="재미어트 썸탈꺼닭 닭가슴살 스테이크 냉동 추천 다이어트 헬스 10팩 20팩, 120g, 10개, 양념치킨맛">
                   <div class="rl-item__image-wrap">
                    <img alt="재미어트 썸탈꺼닭 닭가슴살 스테이크 냉동 추천 다이어트 헬스 10팩 20팩, 120g, 10개, 양념치킨맛" class="rl-item__image" onerror="this.src='//t1a.coupangcdn.com/thumbnails/remote/300x300/image/coupang/common/no_img_1000_1000.png'" src="//thumbnail8.coupangcdn.com/thumbnails/remote/300x300ex/image/vendor_inventory/a977/e53ebf2b2c8550be9e72468fd3f9c4bd49c7602c79030282c682c5365d6e.jpg"/>
                   </div>
                   <strong class="rl-item__title">
                    재미어트 썸탈꺼닭 닭가슴살 스테이크 냉동 추천 다이어트 헬스 10팩 20팩, 120g, 10개, 양념치킨맛
                   </strong>
                   <div class="clearFix">
                    <span class="rl-item__price">
                     <em>
                      34,900
                     </em>
                     원
                    </span>
                   </div>
                   <div class="rl-item__unit-price">
                    (100g당 2,908원)
                   </div>
                   <div class="rl-item__review">
                    <span class="rl-item__review-score-bg">
                     <span class="rl-item__review-score" style="width: 90%;">
                      <em>
                       90%
                      </em>
                     </span>
                    </span>
                    <span class="rl-item__review-count">
                     (171)
                    </span>
                   </div>
                  </a>
                 </li>
                 <li class="rl-item hps-scroll-item" data-index="12">
                  <a href="/vp/products/7786500044?itemId=20417021640&amp;searchId=dc59182d3ec84660914ddbf27614c1f1&amp;vendorItemId=87498796908&amp;sourceType=SDP_BOTTOM_ADS&amp;clickEventId=ce089090-1f2a-11ef-9621-19d79a84f4ed" target="_blank" title="서동 맛에 반했닭 닭가슴살 14+11 (총 25팩) 양념치킨, 100g, 25개">
                   <div class="rl-item__image-wrap">
                    <img alt="서동 맛에 반했닭 닭가슴살 14+11 (총 25팩) 양념치킨, 100g, 25개" class="rl-item__image" onerror="this.src='//t1a.coupangcdn.com/thumbnails/remote/300x300/image/coupang/common/no_img_1000_1000.png'" src="//thumbnail8.coupangcdn.com/thumbnails/remote/300x300ex/image/vendor_inventory/c068/25ab8c7a5abd137f891009f6f27111ba4c0741d5f10af5f9773ed0de31a7.jpg"/>
                   </div>
                   <strong class="rl-item__title">
                    서동 맛에 반했닭 닭가슴살 14+11 (총 25팩) 양념치킨, 100g, 25개
                   </strong>
                   <div class="clearFix">
                    <span class="rl-item__price">
                     <em>
                      36,750
                     </em>
                     원
                    </span>
                   </div>
                   <div class="rl-item__unit-price">
                    (100g당 1,470원)
                   </div>
                   <div class="rl-item__review">
                    <span class="rl-item__review-score-bg">
                     <span class="rl-item__review-score" style="width: 100%;">
                      <em>
                       100%
                      </em>
                     </span>
                    </span>
                    <span class="rl-item__review-count">
                     (52)
                    </span>
                   </div>
                  </a>
                 </li>
                 <li class="rl-item hps-scroll-item" data-index="13">
                  <a href="/vp/products/7835262160?itemId=21316606430&amp;searchId=dc59182d3ec84660914ddbf27614c1f1&amp;vendorItemId=88376055633&amp;sourceType=SDP_BOTTOM_ADS&amp;clickEventId=ce089090-1f2a-11ef-87d6-1550302e5219" target="_blank" title="육식토끼 소스 닭가슴살 혼합, 48개, 100g">
                   <div class="rl-item__image-wrap">
                    <img alt="육식토끼 소스 닭가슴살 혼합, 48개, 100g" class="rl-item__image" onerror="this.src='//t1a.coupangcdn.com/thumbnails/remote/300x300/image/coupang/common/no_img_1000_1000.png'" src="//thumbnail6.coupangcdn.com/thumbnails/remote/300x300ex/image/vendor_inventory/cf16/8b4fc19a984a98df5c3c64d1d660dc3e32273d005a0d99cd1e62eefdddc3.jpg"/>
                   </div>
                   <strong class="rl-item__title">
                    육식토끼 소스 닭가슴살 혼합, 48개, 100g
                   </strong>
                   <div class="clearFix">
                    <span class="rl-item__price">
                     <em>
                      62,900
                     </em>
                     원
                    </span>
                   </div>
                   <div class="rl-item__unit-price">
                    (100g당 1,310원)
                   </div>
                   <div class="rl-item__review">
                    <span class="rl-item__review-score-bg">
                     <span class="rl-item__review-score" style="width: 90%;">
                      <em>
                       90%
                      </em>
                     </span>
                    </span>
                    <span class="rl-item__review-count">
                     (82)
                    </span>
                   </div>
                  </a>
                 </li>
                 <li class="rl-item hps-scroll-item" data-index="14">
                  <a href="/vp/products/7786502562?itemId=20053322251&amp;searchId=dc59182d3ec84660914ddbf27614c1f1&amp;vendorItemId=78462066331&amp;sourceType=SDP_BOTTOM_ADS&amp;clickEventId=ce089090-1f2a-11ef-a3bd-05e6d140179b" target="_blank" title="함께하닭 닭가슴살 best 수제 찐 저염 맛, 100g, 50개">
                   <div class="rl-item__image-wrap">
                    <img alt="함께하닭 닭가슴살 best 수제 찐 저염 맛, 100g, 50개" class="rl-item__image" onerror="this.src='//t1a.coupangcdn.com/thumbnails/remote/300x300/image/coupang/common/no_img_1000_1000.png'" src="//thumbnail10.coupangcdn.com/thumbnails/remote/300x300ex/image/vendor_inventory/1ccc/f9856469fb1c0524c176566e399f42c78486fee1d43bb1db9533df545791.jpg"/>
                   </div>
                   <strong class="rl-item__title">
                    함께하닭 닭가슴살 best 수제 찐 저염 맛, 100g, 50개
                   </strong>
                   <div class="clearFix">
                    <span class="rl-item__price">
                     <em>
                      69,900
                     </em>
                     원
                    </span>
                   </div>
                   <div class="rl-item__unit-price">
                    (100g당 1,398원)
                   </div>
                   <div class="rl-item__review">
                    <span class="rl-item__review-score-bg">
                     <span class="rl-item__review-score" style="width: 100%;">
                      <em>
                       100%
                      </em>
                     </span>
                    </span>
                    <span class="rl-item__review-count">
                     (63)
                    </span>
                   </div>
                  </a>
                 </li>
                 <li class="rl-item hps-scroll-item" data-index="15">
                  <a href="/vp/products/7852702554?itemId=21407681336&amp;searchId=dc59182d3ec84660914ddbf27614c1f1&amp;vendorItemId=87888353145&amp;sourceType=SDP_BOTTOM_ADS&amp;clickEventId=ce08b7a0-1f2a-11ef-81aa-e5577fa096c3" target="_blank" title="득근파티 슬라이스 닭가슴살 6종 혼합, 100g, 54개">
                   <div class="rl-item__image-wrap">
                    <img alt="득근파티 슬라이스 닭가슴살 6종 혼합, 100g, 54개" class="rl-item__image" onerror="this.src='//t1a.coupangcdn.com/thumbnails/remote/300x300/image/coupang/common/no_img_1000_1000.png'" src="//thumbnail9.coupangcdn.com/thumbnails/remote/300x300ex/image/vendor_inventory/7ac6/7d33371b2d2d63f1d824a96780f2537c56b50c1739e88969c1d69a85549b.jpg"/>
                   </div>
                   <strong class="rl-item__title">
                    득근파티 슬라이스 닭가슴살 6종 혼합, 100g, 54개
                   </strong>
                   <div class="clearFix">
                    <span class="rl-item__price">
                     <em>
                      75,160
                     </em>
                     원
                    </span>
                   </div>
                   <div class="rl-item__unit-price">
                    (100g당 1,392원)
                   </div>
                   <div class="rl-item__review">
                    <span class="rl-item__review-score-bg">
                     <span class="rl-item__review-score" style="width: 100%;">
                      <em>
                       100%
                      </em>
                     </span>
                    </span>
                    <span class="rl-item__review-count">
                     (150)
                    </span>
                   </div>
                  </a>
                 </li>
                 <li class="rl-item hps-scroll-item" data-index="16">
                  <a href="/vp/products/6062576273?itemId=21366834774&amp;searchId=dc59182d3ec84660914ddbf27614c1f1&amp;vendorItemId=78433185424&amp;sourceType=SDP_BOTTOM_ADS&amp;clickEventId=ce08b7a0-1f2a-11ef-8a41-387d5642af92" target="_blank" title="홀리닭 바로먹는 실온 닭가슴살 데리야끼 120g, 60개">
                   <div class="rl-item__image-wrap">
                    <img alt="홀리닭 바로먹는 실온 닭가슴살 데리야끼 120g, 60개" class="rl-item__image" onerror="this.src='//t1a.coupangcdn.com/thumbnails/remote/300x300/image/coupang/common/no_img_1000_1000.png'" src="//thumbnail8.coupangcdn.com/thumbnails/remote/300x300ex/image/vendor_inventory/d72e/0d3fea76d01102b1a6819de6f4f76df2c6402a10f23fa624e817d572b930.jpg"/>
                   </div>
                   <strong class="rl-item__title">
                    홀리닭 바로먹는 실온 닭가슴살 데리야끼 120g, 60개
                   </strong>
                   <div class="clearFix">
                    <span class="rl-item__price">
                     <em>
                      124,000
                     </em>
                     원
                    </span>
                   </div>
                   <div class="rl-item__unit-price">
                    (100g당 1,722원)
                   </div>
                   <div class="rl-item__review">
                    <span class="rl-item__review-score-bg">
                     <span class="rl-item__review-score" style="width: 90%;">
                      <em>
                       90%
                      </em>
                     </span>
                    </span>
                    <span class="rl-item__review-count">
                     (115)
                    </span>
                   </div>
                  </a>
                 </li>
                 <li class="rl-item hps-scroll-item" data-index="17">
                  <a href="/vp/products/7757132041?itemId=20909811043&amp;searchId=dc59182d3ec84660914ddbf27614c1f1&amp;vendorItemId=87976776087&amp;sourceType=SDP_BOTTOM_ADS&amp;clickEventId=ce08b7a0-1f2a-11ef-98c3-2a0af6ab0609" target="_blank" title="라라푸드 국내산100% 냉장 닭다리살 통정육, 5kg, 1개">
                   <div class="rl-item__image-wrap">
                    <img alt="라라푸드 국내산100% 냉장 닭다리살 통정육, 5kg, 1개" class="rl-item__image" onerror="this.src='//t1a.coupangcdn.com/thumbnails/remote/300x300/image/coupang/common/no_img_1000_1000.png'" src="//thumbnail7.coupangcdn.com/thumbnails/remote/300x300ex/image/vendor_inventory/c650/0b83b5ce7cf8a5c1a09dcb70897b93ea286feb76310594bc0a7337efde48.png"/>
                   </div>
                   <strong class="rl-item__title">
                    라라푸드 국내산100% 냉장 닭다리살 통정육, 5kg, 1개
                   </strong>
                   <div class="clearFix">
                    <span class="rl-item__price">
                     <em>
                      53,000
                     </em>
                     원
                    </span>
                   </div>
                   <div class="rl-item__unit-price">
                    (100g당 1,060원)
                   </div>
                   <div class="rl-item__review">
                    <span class="rl-item__review-score-bg">
                     <span class="rl-item__review-score" style="width: 100%;">
                      <em>
                       100%
                      </em>
                     </span>
                    </span>
                    <span class="rl-item__review-count">
                     (39)
                    </span>
                   </div>
                  </a>
                 </li>
                 <li class="rl-item hps-scroll-item" data-index="18">
                  <a href="/vp/products/7297334159?itemId=18665193535&amp;searchId=dc59182d3ec84660914ddbf27614c1f1&amp;vendorItemId=75769213890&amp;sourceType=SDP_BOTTOM_ADS&amp;clickEventId=ce08b7a0-1f2a-11ef-ad3c-b465812880c3" target="_blank" title="허닭 [본사당일출고] 닭가슴살 함박스테이크 100g 4종 혼합, 40개">
                   <div class="rl-item__image-wrap">
                    <img alt="허닭 [본사당일출고] 닭가슴살 함박스테이크 100g 4종 혼합, 40개" class="rl-item__image" onerror="this.src='//t1a.coupangcdn.com/thumbnails/remote/300x300/image/coupang/common/no_img_1000_1000.png'" src="//thumbnail8.coupangcdn.com/thumbnails/remote/300x300ex/image/vendor_inventory/141a/dcbd853914c4a48a88f00163d338530616b3d1a691bd38f252c3d170bd94.jpg"/>
                   </div>
                   <strong class="rl-item__title">
                    허닭 [본사당일출고] 닭가슴살 함박스테이크 100g 4종 혼합, 40개
                   </strong>
                   <div class="clearFix">
                    <span class="rl-item__price">
                     <em>
                      56,300
                     </em>
                     원
                    </span>
                   </div>
                   <div class="rl-item__unit-price">
                    (100g당 1,408원)
                   </div>
                   <div class="rl-item__review">
                    <span class="rl-item__review-score-bg">
                     <span class="rl-item__review-score" style="width: 100%;">
                      <em>
                       100%
                      </em>
                     </span>
                    </span>
                    <span class="rl-item__review-count">
                     (426)
                    </span>
                   </div>
                  </a>
                 </li>
                 <li class="rl-item hps-scroll-item rl-last-item" data-index="19">
                  <a href="/vp/products/167343401?itemId=479138766&amp;searchId=dc59182d3ec84660914ddbf27614c1f1&amp;vendorItemId=4202482492&amp;sourceType=SDP_BOTTOM_ADS&amp;clickEventId=ce08b7a0-1f2a-11ef-8598-ea8a3275f445" target="_blank" title="바디나인 촉촉한 한입 닭가슴살 탄두리맛, 100g, 30개">
                   <div class="rl-item__image-wrap">
                    <img alt="바디나인 촉촉한 한입 닭가슴살 탄두리맛, 100g, 30개" class="rl-item__image" onerror="this.src='//t1a.coupangcdn.com/thumbnails/remote/300x300/image/coupang/common/no_img_1000_1000.png'" src="//thumbnail6.coupangcdn.com/thumbnails/remote/300x300ex/image/vendor_inventory/images/2018/12/13/14/7/c31a53e0-6d7e-4037-ad80-40183e76be4b.jpg"/>
                   </div>
                   <strong class="rl-item__title">
                    바디나인 촉촉한 한입 닭가슴살 탄두리맛, 100g, 30개
                   </strong>
                   <div class="clearFix">
                    <span class="rl-item__price">
                     <em>
                      62,900
                     </em>
                     원
                    </span>
                   </div>
                   <div class="rl-item__unit-price">
                    (100g당 2,097원)
                   </div>
                   <div class="rl-item__review">
                    <span class="rl-item__review-score-bg">
                     <span class="rl-item__review-score" style="width: 90%;">
                      <em>
                       90%
                      </em>
                     </span>
                    </span>
                    <span class="rl-item__review-count">
                     (941)
                    </span>
                   </div>
                  </a>
                 </li>
                </ul>
               </div>
              </div>
             </td>
            </tr>
           </table>
          </div>
          <div class="hps-pagination-buttons">
           <div class="hps-pagination-buttons__prev" style="cursor: inherit; opacity: 0; display: none;">
           </div>
           <div class="hps-pagination-buttons__next" style="cursor: pointer; opacity: 1; display: block;">
           </div>
          </div>
         </div>
        </div>
       </div>
      </div>
      <div id="sdp-bottom-banner" style="display: none;">
      </div>
     </div>
     <div class="quick-scroll" style="left: 1586.5px;">
      <a class="quick-scroll__top" href="javascript:void(0)">
      </a>
      <a class="quick-scroll__bottom" href="javascript:void(0)">
      </a>
     </div>
     <div class="product-contents-placeholder" data-apply-ad-banners="true" data-apply-brand-shop-widget="true" data-apply-loyalty-rocket-fresh-mvp="false" data-apply-mid-carousel-dco-converting="A" data-apply-option-disclaimer="false" data-apply-rocket-install-to-pre-order="true" data-apply3p-warning-banner="true" data-cart-url="//cart.coupang.com/cartView.pang" data-category-link-code="" data-cdn-prefix="//image6.coupangcdn.com/image/" data-change-position-sdp-mid-carousel-ad-marker="A" data-change-share-image-url="true" data-email-address="" data-enable-mini-cart="false" data-fraud3p-report-num-show="B" data-is-fresh-return-policy-change="true" data-is-on-hold-wow-member="false" data-item-product-id="0" data-login="false" data-login-url="https://login.coupang.com/login/sso/login.pang?rtnUrl=https%3A%2F%2Fwww.coupang.com%2Fnp%2Fpost%2Flogin%3Fr%3D" data-order-url="/createCheckout.pang" data-other-seller-apply-interstellar="true" data-pure-server-time="157" data-search-id="" data-show-bsr="false" data-show-strike-company-notice="false" data-traid="" data-trcid="" id="product-contents-placeholder" style="display:none;">
     </div>
     <!-- 포돌이 -->
     <div class="prod-shadow">
     </div>
     <div class="prod-seller-store-rating-popup">
     </div>
     <img alt="로딩중입니다." class="pord-loadingbar" src="//img1a.coupangcdn.com/image/redwood/spinner.gif"/>
     <a class="pord-reload" href="#">
      재시도
     </a>
     <div class="prod-rocket-pay-link-wrapper">
      <div class="prod-rocket-pay-link-popup">
      </div>
     </div>
    </div>
   </section>
   <!--notice ahead of login header-->
   <!-- Document에 의해서 관리되지만 혹시 데이터를 못가지고 왔을때 대비 -->
   <!-- coupang footer -->
   <!-- coupang footer -->
   <footer class="footer_new" id="footer">
    <div class="footer-layer1 is-narrowed">
     <a href="https://news.coupang.com/" target="_blank">
      회사소개
     </a>
     <a href="https://ir.aboutcoupang.com/English/home/" target="_blank">
      Investor Relations
     </a>
     <a href="https://rocketyourcareer.kr.coupang.com" target="_blank">
      인재채용
     </a>
     <a href="https://marketplace.coupangcorp.com/s/?utm_source=button_pc&amp;utm_medium=non_paid&amp;utm_campaign=onsite_ca&amp;utm_id=coupang_app?inflow=WEB_FOOTER_B">
      입점 / 제휴문의
     </a>
     <a href="https://mc.coupang.com/ssr/desktop/contact/notice">
      공지사항
     </a>
     <a href="https://mc.coupang.com/ssr/desktop/contact/voc">
      고객의 소리
     </a>
     <a href="/np/policies/terms">
      이용약관
     </a>
     <a href="https://privacy.coupang.com/ko/center/coupang">
      <b>
       개인정보 처리방침
      </b>
     </a>
     <a href="https://rocketpay.coupang.com/rocketpay/operationTerms/coupangPcFooter">
      쿠팡페이 이용약관
     </a>
     <a href="https://privacy.coupang.com/ko/land/coupay">
      <b>
       쿠팡페이 개인정보처리방침
      </b>
     </a>
     <a href="/np/safety">
      신뢰관리센터
     </a>
     <a href="https://partners.coupang.com/" target="_blank">
      제휴마케팅
     </a>
     <a href="https://ads.coupang.com" target="_blank">
      광고안내
     </a>
     <div class="site-picker">
      <label>
       <p>
        Global Site
       </p>
       <span class="site-picker__arrow">
       </span>
      </label>
      <ul>
       <li>
        <a href="https://www.tw.coupang.com">
         Coupang Taiwan 酷澎台灣
        </a>
       </li>
      </ul>
     </div>
    </div>
    <div class="footer-layer2">
     <span class="logo">
      <a href="/" title="COUPANG">
       COUPANG
      </a>
     </span>
     <div class="footer-content">
      <address>
       상호명 및 호스팅 서비스 제공 : 쿠팡(주)
       <br/>
       대표이사 : 강한승,박대준
       <br/>
       서울시 송파구 송파대로 570
       <br/>
       사업자 등록번호 : 120-88-00767
       <br/>
       통신판매업신고 : 2017-서울송파-0680
       <br/>
       <a class="licensee" href="http://www.ftc.go.kr/info/bizinfo/communicationViewPopup.jsp?wrkr_no=1208800767" target="_blank" title="사업자정  보 확인">
        사업자정보 확인 &gt;
       </a>
      </address>
      <div class="contact-info">
       <a class="call-center" href="https://mc.coupang.com/ssr/desktop/contact/inquiry" title="365 고객센터">
        <strong>
         365고객센터
        </strong>
        | 전자금융거래분쟁처리담당
        <br/>
        <em>
         1577-7011 (유료)
        </em>
        서울시 송파구 송파대로 570
        <br/>
        <span class="contact-fax">
         email : help@coupang.com
        </span>
       </a>
      </div>
      <p class="safe-service">
       <strong>
        우리은행 채무지급보증 안내
       </strong>
       <br/>
       <span>
        당사는 고객님이 현금 결제한 금액에 대해
        <br/>
        우리은행과 채무지급보증 계약을 체결하여
        <br/>
        안전거래를 보장하고 있습니다.
        <br/>
       </span>
       <a class="service-check" href="javascript:;" id="serviceCheck" title="서비스 가입사실 확인">
        서비스 가입사실 확인 &gt;
       </a>
      </p>
     </div>
    </div>
    <div class="footer-layer3 slide-unit">
     <div class="certification-list" style="width: 968px;height: 80px; margin: 0 auto; background: url(//static.coupangcdn.com/image/coupang/common/footer_asset_v14.png) no-repeat; background-position: -44px -92px; position: relative;">
     </div>
    </div>
    <div class="footer-layer4">
     <div class="coupang-copyright">
      <p class="info" style="padding-top:9px">
       사이버몰 내 판매되는 상품 중에는 쿠팡에 등록한 개별 판매자가 판매하는 마켓플레이스(오픈마켓) 상품이 포함되어 있습니다.
       <br/>
       마켓플레이스(오픈마켓) 상품의 경우 쿠팡은 통신판매중개자이며 통신판매의 당사자가 아닙니다.
       <br/>
       쿠팡은 마켓플레이스(오픈마켓) 상품, 거래정보 및 거래 등에 대하여 책임을 지지
                않습니다.
       <br/>
       쿠팡은 소비자 보호와 안전거래를 위해 신뢰관리센터(CM112@coupang.com)를 운영하고 있으며, 관련 분쟁이 발생할 경우 별도의 분쟁 처리절차에 의거 분쟁이
                처리됩니다.
       <br/>
       Copyright © Coupang Corp. 2010-2024 All Rights Reserved.
      </p>
      <ul class="sns-link">
       <li>
        <a class="facebook" href="https://www.facebook.com/Coupang.korea" target="_blank" title="쿠팡 페이스북">
         쿠팡
                    페이스북
        </a>
       </li>
       <li>
        <a class="blog" href="https://news.coupang.com/" target="_blank" title="쿠팡 뉴스룸">
         쿠팡 뉴스룸
        </a>
       </li>
       <li>
        <a class="instagram" href="https://www.instagram.com/coupang" target="_blank" title="쿠팡 인스타그램">
         쿠팡
                    인스타그램
        </a>
       </li>
      </ul>
     </div>
    </div>
   </footer>
  </div>
  <script crossorigin="anonymous" src="//asset2.coupangcdn.com/customjs/jserror/2.6.0/jslog.min.js" type="text/javascript">
  </script>
  <script type="text/javascript">
   window.sdpJsLog = new JsLog('sdp_pc', 'production', {
			memberSrl: '0',
			pcid: '20883856712421578031932',
			pageName: 'sdp',
			domain: 'coupang_web',
            instanceId: 'coupang-web-prod-ft-7cd6fcffdf-4k8bf',
		},true).enableTrap();
  </script>
  <script>
   window.logRequireTime = function () {
    };

    try {
        if (window.performance && window.performance.now) {
            window.redwoodTimeLog = {
                requirejs: {
                    start: window.performance.now()
                }
            };
            window.logRequireTime = function () {
                window.redwoodTimeLog.requirejs.end = window.performance.now();
                window.redwoodTimeLog.requirejs.time = window.redwoodTimeLog.requirejs.end - window.redwoodTimeLog.requirejs.start;
            }
        }
    } catch (e) {
    }
  </script>
  <script src="//asset2.coupangcdn.com/customjs/ctools-ff/0.0.2/global-ff.min.js" type="text/javascript">
  </script>
  <script onload="logRequireTime()" src="/resources/20240530174127/np/js/lib/requirejs/require-2.1.14.min.js" type="text/javascript">
  </script>
  <script src="//asset2.coupangcdn.com/customjs/polyfill/1.0.1/polyfill.bundle.js" type="text/javascript">
  </script>
  <script type="text/javascript">
   try {
        window.__coupang_ui__ = window.__coupang_ui__ || {};
        window.__coupang_ui__.webProductGlobalFFData = JSON.parse("{\"blackList\":\"PEUI-1707 PEUI-1801 PEUI-1806 PEUI-1691\"}" || '{}');
      } catch (e) {

      }
    

    
        define('templates/contents/side/include/recentlyViewedProduct.hbs', ['handlebars'], function(Handlebars) {
  var template = Handlebars.template(function (Handlebars,depth0,helpers,partials,data) {
  this.compilerInfo = [4,'>= 1.0.0'];
helpers = this.merge(helpers, Handlebars.helpers); data = data || {};
  var buffer = "", stack1, helper, options, functionType="function", escapeExpression=this.escapeExpression, helperMissing=helpers.helperMissing, self=this;

function program1(depth0,data) {
  
  var buffer = "", stack1, helper, options;
  buffer += "\n		<div class=\"recently-viewed-prod-navi\">\n            <span class=\"counter\" data-pagenumber=\"";
  if (helper = helpers.pageNumber) { stack1 = helper.call(depth0, {hash:{},data:data}); }
  else { helper = (depth0 && depth0.pageNumber); stack1 = typeof helper === functionType ? helper.call(depth0, {hash:{},data:data}) : helper; }
  buffer += escapeExpression(stack1)
    + "\" data-totalpagenumber=\"";
  if (helper = helpers.totalPageCount) { stack1 = helper.call(depth0, {hash:{},data:data}); }
  else { helper = (depth0 && depth0.totalPageCount); stack1 = typeof helper === functionType ? helper.call(depth0, {hash:{},data:data}) : helper; }
  buffer += escapeExpression(stack1)
    + "\">\n                <strong class=\"page-num\">";
  if (helper = helpers.pageNumber) { stack1 = helper.call(depth0, {hash:{},data:data}); }
  else { helper = (depth0 && depth0.pageNumber); stack1 = typeof helper === functionType ? helper.call(depth0, {hash:{},data:data}) : helper; }
  buffer += escapeExpression(stack1)
    + "</strong>\n                <span>/";
  if (helper = helpers.totalPageCount) { stack1 = helper.call(depth0, {hash:{},data:data}); }
  else { helper = (depth0 && depth0.totalPageCount); stack1 = typeof helper === functionType ? helper.call(depth0, {hash:{},data:data}) : helper; }
  buffer += escapeExpression(stack1)
    + "</span>\n            </span>\n            <span class=\"paging-btn\">\n                <a href=\"javascript:;\" class=\"btn prev\" title=\""
    + escapeExpression((helper = helpers.formatMessage || (depth0 && depth0.formatMessage),options={hash:{
    'default': ("이전 페이지 보기")
  },data:data},helper ? helper.call(depth0, "coupang.web.c57618", options) : helperMissing.call(depth0, "formatMessage", "coupang.web.c57618", options)))
    + "\">prev</a>\n                <a href=\"javascript:;\" class=\"btn next\" title=\""
    + escapeExpression((helper = helpers.formatMessage || (depth0 && depth0.formatMessage),options={hash:{
    'default': ("다음 페이지 보기")
  },data:data},helper ? helper.call(depth0, "coupang.web.02dbac", options) : helperMissing.call(depth0, "formatMessage", "coupang.web.02dbac", options)))
    + "\">next</a>\n            </span>\n		</div>\n    ";
  return buffer;
  }

function program3(depth0,data) {
  
  
  return "\n    ";
  }

  buffer += "<h2>\n    <strong>"
    + escapeExpression((helper = helpers.formatMessage || (depth0 && depth0.formatMessage),options={hash:{
    'default': ("최근본상품")
  },data:data},helper ? helper.call(depth0, "coupang.web.e048e4", options) : helperMissing.call(depth0, "formatMessage", "coupang.web.e048e4", options)))
    + "</strong>\n    ";
  stack1 = helpers['if'].call(depth0, (depth0 && depth0.recentlyViewedProducts), {hash:{},inverse:self.program(3, program3, data),fn:self.program(1, program1, data),data:data});
  if(stack1 || stack1 === 0) { buffer += stack1; }
  buffer += "\n</h2>\n";
  return buffer;
  });
  var templates = Handlebars.templates = Handlebars.templates || {};
  templates['templates/contents/side/include/recentlyViewedProduct.hbs'] = template;
  var partials = Handlebars.partials = Handlebars.partials || {};
  partials['templates/contents/side/include/recentlyViewedProduct.hbs'] = template;
  return template;
});
define('templates/contents/side/include/recentlyViewedProductList.hbs', ['handlebars'], function(Handlebars) {
  var template = Handlebars.template(function (Handlebars,depth0,helpers,partials,data) {
  this.compilerInfo = [4,'>= 1.0.0'];
helpers = this.merge(helpers, Handlebars.helpers); data = data || {};
  var buffer = "", stack1, functionType="function", escapeExpression=this.escapeExpression, self=this, helperMissing=helpers.helperMissing;

function program1(depth0,data) {
  
  var buffer = "", stack1;
  buffer += "\n    ";
  stack1 = helpers.each.call(depth0, (depth0 && depth0.recentlyViewedProducts), {hash:{},inverse:self.noop,fn:self.programWithDepth(2, program2, data, depth0),data:data});
  if(stack1 || stack1 === 0) { buffer += stack1; }
  buffer += "\n";
  return buffer;
  }
function program2(depth0,data,depth1) {
  
  var buffer = "", stack1, helper, options;
  buffer += "\n        <li class=\"viewed-product\">\n            <a href=\""
    + escapeExpression(((stack1 = (depth1 && depth1.coupangWebDomain)),typeof stack1 === functionType ? stack1.apply(depth0) : stack1));
  if (helper = helpers.link) { stack1 = helper.call(depth0, {hash:{},data:data}); }
  else { helper = (depth0 && depth0.link); stack1 = typeof helper === functionType ? helper.call(depth0, {hash:{},data:data}) : helper; }
  buffer += escapeExpression(stack1)
    + "\" title=\"";
  stack1 = helpers['with'].call(depth0, (depth0 && depth0.imageAndTitleArea), {hash:{},inverse:self.noop,fn:self.program(3, program3, data),data:data});
  if(stack1 || stack1 === 0) { buffer += stack1; }
  buffer += "\">\n                <span class=\"img-container\">\n                    <img src=\"";
  stack1 = helpers['with'].call(depth0, (depth0 && depth0.imageAndTitleArea), {hash:{},inverse:self.noop,fn:self.program(5, program5, data),data:data});
  if(stack1 || stack1 === 0) { buffer += stack1; }
  buffer += "\"  alt=\"";
  stack1 = helpers['with'].call(depth0, (depth0 && depth0.imageAndTitleArea), {hash:{},inverse:self.noop,fn:self.program(3, program3, data),data:data});
  if(stack1 || stack1 === 0) { buffer += stack1; }
  buffer += "\" />\n                </span>\n                <span class=\"product-title\">";
  stack1 = helpers['with'].call(depth0, (depth0 && depth0.imageAndTitleArea), {hash:{},inverse:self.noop,fn:self.program(3, program3, data),data:data});
  if(stack1 || stack1 === 0) { buffer += stack1; }
  buffer += "</span>\n                <span class=\"border\">border</span>\n            </a>\n            <a href=\"javascript:;\" class=\"delete\" title=\""
    + escapeExpression((helper = helpers.formatMessage || (depth0 && depth0.formatMessage),options={hash:{
    'default': ("삭제")
  },data:data},helper ? helper.call(depth0, "coupang.web.6139b6", options) : helperMissing.call(depth0, "formatMessage", "coupang.web.6139b6", options)))
    + "\" data-productid=\"";
  if (helper = helpers.legacyProductId) { stack1 = helper.call(depth0, {hash:{},data:data}); }
  else { helper = (depth0 && depth0.legacyProductId); stack1 = typeof helper === functionType ? helper.call(depth0, {hash:{},data:data}) : helper; }
  buffer += escapeExpression(stack1)
    + "\">"
    + escapeExpression((helper = helpers.formatMessage || (depth0 && depth0.formatMessage),options={hash:{
    'default': ("삭제")
  },data:data},helper ? helper.call(depth0, "coupang.web.6139b6", options) : helperMissing.call(depth0, "formatMessage", "coupang.web.6139b6", options)))
    + "</a>\n        </li>\n    ";
  return buffer;
  }
function program3(depth0,data) {
  
  var stack1;
  return escapeExpression(((stack1 = (depth0 && depth0.title)),typeof stack1 === functionType ? stack1.apply(depth0) : stack1));
  }

function program5(depth0,data) {
  
  var stack1;
  return escapeExpression(((stack1 = (depth0 && depth0.defaultUrl)),typeof stack1 === functionType ? stack1.apply(depth0) : stack1));
  }

function program7(depth0,data) {
  
  var buffer = "", helper, options;
  buffer += "\n    <table class=\"no-products\">\n        <tbody>\n            <tr>\n                <td>\n                    "
    + escapeExpression((helper = helpers.formatMessage || (depth0 && depth0.formatMessage),options={hash:{
    'default': ("최근 본 상품이")
  },data:data},helper ? helper.call(depth0, "coupang.web.42ccb9", options) : helperMissing.call(depth0, "formatMessage", "coupang.web.42ccb9", options)))
    + "<br/>"
    + escapeExpression((helper = helpers.formatMessage || (depth0 && depth0.formatMessage),options={hash:{
    'default': ("없습니다.")
  },data:data},helper ? helper.call(depth0, "coupang.web.7779d6", options) : helperMissing.call(depth0, "formatMessage", "coupang.web.7779d6", options)))
    + "\n                </td>\n            </tr>\n        </tbody>\n    </table>\n";
  return buffer;
  }

  stack1 = helpers['if'].call(depth0, (depth0 && depth0.recentlyViewedProducts), {hash:{},inverse:self.program(7, program7, data),fn:self.program(1, program1, data),data:data});
  if(stack1 || stack1 === 0) { buffer += stack1; }
  buffer += "\n";
  return buffer;
  });
  var templates = Handlebars.templates = Handlebars.templates || {};
  templates['templates/contents/side/include/recentlyViewedProductList.hbs'] = template;
  var partials = Handlebars.partials = Handlebars.partials || {};
  partials['templates/contents/side/include/recentlyViewedProductList.hbs'] = template;
  return template;
});

define('templates/contents/side/include/recentlyViewedProductMain.hbs', ['handlebars'], function(Handlebars) {
  var template = Handlebars.template(function (Handlebars,depth0,helpers,partials,data) {
  this.compilerInfo = [4,'>= 1.0.0'];
helpers = this.merge(helpers, Handlebars.helpers); data = data || {};
  var buffer = "", stack1, helper, options, functionType="function", escapeExpression=this.escapeExpression, helperMissing=helpers.helperMissing, self=this;

function program1(depth0,data) {
  
  var buffer = "", stack1, helper;
  buffer += "\n        <em>";
  if (helper = helpers.totalCount) { stack1 = helper.call(depth0, {hash:{},data:data}); }
  else { helper = (depth0 && depth0.totalCount); stack1 = typeof helper === functionType ? helper.call(depth0, {hash:{},data:data}) : helper; }
  buffer += escapeExpression(stack1)
    + "</em>\n        ";
  return buffer;
  }

function program3(depth0,data) {
  
  
  return "\n        <em>0</em>\n    ";
  }

function program5(depth0,data) {
  
  var buffer = "", helper, options;
  buffer += "\n            <li class=\"no-item\">"
    + escapeExpression((helper = helpers.formatMessage || (depth0 && depth0.formatMessage),options={hash:{
    'default': ("최근본 상품이")
  },data:data},helper ? helper.call(depth0, "coupang.web.52624c", options) : helperMissing.call(depth0, "formatMessage", "coupang.web.52624c", options)))
    + "<br />"
    + escapeExpression((helper = helpers.formatMessage || (depth0 && depth0.formatMessage),options={hash:{
    'default': ("없습니다.")
  },data:data},helper ? helper.call(depth0, "coupang.web.7779d6", options) : helperMissing.call(depth0, "formatMessage", "coupang.web.7779d6", options)))
    + "</li>\n        ";
  return buffer;
  }

function program7(depth0,data) {
  
  var buffer = "", stack1;
  buffer += "\n        ";
  stack1 = helpers.each.call(depth0, (depth0 && depth0.pageNumbers), {hash:{},inverse:self.noop,fn:self.program(8, program8, data),data:data});
  if(stack1 || stack1 === 0) { buffer += stack1; }
  buffer += "\n    ";
  return buffer;
  }
function program8(depth0,data) {
  
  var buffer = "";
  buffer += "\n            <ul id=\"recentlyViewedProduct"
    + escapeExpression((typeof depth0 === functionType ? depth0.apply(depth0) : depth0))
    + "\" data-pagenumber=\""
    + escapeExpression((typeof depth0 === functionType ? depth0.apply(depth0) : depth0))
    + "\" style=\"display:none;\"></ul>\n        ";
  return buffer;
  }

function program10(depth0,data) {
  
  var buffer = "", stack1, helper, options;
  buffer += "\n            <span class=\"counter\" id=\"recentlyViewedProductPageInfo\" data-pagenumber=\"";
  if (helper = helpers.pageNumber) { stack1 = helper.call(depth0, {hash:{},data:data}); }
  else { helper = (depth0 && depth0.pageNumber); stack1 = typeof helper === functionType ? helper.call(depth0, {hash:{},data:data}) : helper; }
  buffer += escapeExpression(stack1)
    + "\"\n                  data-totalpagenumber=\"";
  if (helper = helpers.totalPageCount) { stack1 = helper.call(depth0, {hash:{},data:data}); }
  else { helper = (depth0 && depth0.totalPageCount); stack1 = typeof helper === functionType ? helper.call(depth0, {hash:{},data:data}) : helper; }
  buffer += escapeExpression(stack1)
    + "\">\n                <strong id=\"pageNumber\">";
  if (helper = helpers.pageNumber) { stack1 = helper.call(depth0, {hash:{},data:data}); }
  else { helper = (depth0 && depth0.pageNumber); stack1 = typeof helper === functionType ? helper.call(depth0, {hash:{},data:data}) : helper; }
  buffer += escapeExpression(stack1)
    + "</strong>/<em>";
  if (helper = helpers.totalPageCount) { stack1 = helper.call(depth0, {hash:{},data:data}); }
  else { helper = (depth0 && depth0.totalPageCount); stack1 = typeof helper === functionType ? helper.call(depth0, {hash:{},data:data}) : helper; }
  buffer += escapeExpression(stack1)
    + "</em></span>\n            <span id=\"recentlyViewedProductBtnArea\">\n                <a href=\"javascript:;\" class=\"move prev\" title=\""
    + escapeExpression((helper = helpers.formatMessage || (depth0 && depth0.formatMessage),options={hash:{
    'default': ("이전 페이지 보기")
  },data:data},helper ? helper.call(depth0, "coupang.web.c57618", options) : helperMissing.call(depth0, "formatMessage", "coupang.web.c57618", options)))
    + "\" data-gaclick='{\"hitType\":\"event\", \"eventCategory\":\"Floatingbanner\", \"eventAction\":\"click\", \"eventLabel\":\"floatingbanner_recentlyviewed_left}}\", \"eventValue\":0}'>prev</a>\n                <a href=\"javascript:;\" class=\"move next\" title=\""
    + escapeExpression((helper = helpers.formatMessage || (depth0 && depth0.formatMessage),options={hash:{
    'default': ("다음 페이지 보기")
  },data:data},helper ? helper.call(depth0, "coupang.web.02dbac", options) : helperMissing.call(depth0, "formatMessage", "coupang.web.02dbac", options)))
    + "\" data-gaclick='{\"hitType\":\"event\", \"eventCategory\":\"Floatingbanner\", \"eventAction\":\"click\", \"eventLabel\":\"floatingbanner_recentlyviewed_right}}\", \"eventValue\":0}'>next</a>\n            </span>\n        ";
  return buffer;
  }

  buffer += "<dt>\n    <strong>"
    + escapeExpression((helper = helpers.formatMessage || (depth0 && depth0.formatMessage),options={hash:{
    'default': ("최근본상품")
  },data:data},helper ? helper.call(depth0, "coupang.web.e048e4", options) : helperMissing.call(depth0, "formatMessage", "coupang.web.e048e4", options)))
    + "</strong>\n    ";
  stack1 = helpers['if'].call(depth0, (depth0 && depth0.totalCount), {hash:{},inverse:self.program(3, program3, data),fn:self.program(1, program1, data),data:data});
  if(stack1 || stack1 === 0) { buffer += stack1; }
  buffer += "\n</dt>\n<dd id=\"recentlyViewedProductList\">\n    <ul id=\"recentlyViewedProduct1\" data-pagenumber=\"";
  if (helper = helpers.pageNumber) { stack1 = helper.call(depth0, {hash:{},data:data}); }
  else { helper = (depth0 && depth0.pageNumber); stack1 = typeof helper === functionType ? helper.call(depth0, {hash:{},data:data}) : helper; }
  buffer += escapeExpression(stack1)
    + "\">\n        ";
  stack1 = helpers['if'].call(depth0, (depth0 && depth0.displayNoneNotice), {hash:{},inverse:self.noop,fn:self.program(5, program5, data),data:data});
  if(stack1 || stack1 === 0) { buffer += stack1; }
  buffer += "\n    </ul>\n    ";
  stack1 = helpers['if'].call(depth0, (depth0 && depth0.displayTotalPageCount), {hash:{},inverse:self.noop,fn:self.program(7, program7, data),data:data});
  if(stack1 || stack1 === 0) { buffer += stack1; }
  buffer += "\n    <p class=\"paging\">\n        ";
  stack1 = helpers['if'].call(depth0, (depth0 && depth0.displayTotalPageCount), {hash:{},inverse:self.noop,fn:self.program(10, program10, data),data:data});
  if(stack1 || stack1 === 0) { buffer += stack1; }
  buffer += "\n    </p>\n</dd>";
  return buffer;
  });
  var templates = Handlebars.templates = Handlebars.templates || {};
  templates['templates/contents/side/include/recentlyViewedProductMain.hbs'] = template;
  var partials = Handlebars.partials = Handlebars.partials || {};
  partials['templates/contents/side/include/recentlyViewedProductMain.hbs'] = template;
  return template;
});
    

    
      try {
        
        
        define('page/nsdp/throttlePopup.hbs', ['handlebars'], function(Handlebars) {
  var template = Handlebars.template(function (Handlebars,depth0,helpers,partials,data) {
  this.compilerInfo = [4,'>= 1.0.0'];
helpers = this.merge(helpers, Handlebars.helpers); data = data || {};
  var buffer = "", stack1, helper, self=this, functionType="function", escapeExpression=this.escapeExpression;

function program1(depth0,data) {
  
  
  return "\n                <p>조금만 기다려주세요. <br />잠시 후 다시 시도하실 수 있습니다.</p>\n            ";
  }

function program3(depth0,data) {
  
  
  return "\n                <p>현재 접속자가 많아 구매하실 수 없습니다.<br />잠시 후 다시 시도해 주세요. </p>\n            ";
  }

  buffer += "<div class=\"promotion-throttling\">\n    <div class=\"promotion-throttling-popup\">\n        <div class=\"promotion-throttling-popup__header\">\n            <h3 class=\"promotion-throttling-popup__header-title\">예약구매 안내</h3>\n            <span class=\"promotion-throttling-popup__header-close\"></span>\n        </div>\n        <div class=\"promotion-throttling-popup__countdown\">\n            ";
  stack1 = helpers['if'].call(depth0, (depth0 && depth0.waiting), {hash:{},inverse:self.program(3, program3, data),fn:self.program(1, program1, data),data:data});
  if(stack1 || stack1 === 0) { buffer += stack1; }
  buffer += "\n            <div class=\"promotion-throttling-popup__countdown-timer\">\n                <span class=\"promotion-throttling-popup__countdown-icon\"></span>\n                <span class=\"promotion-throttling-popup__countdown-seconds\">";
  if (helper = helpers.countdown) { stack1 = helper.call(depth0, {hash:{},data:data}); }
  else { helper = (depth0 && depth0.countdown); stack1 = typeof helper === functionType ? helper.call(depth0, {hash:{},data:data}) : helper; }
  buffer += escapeExpression(stack1)
    + "</span>초\n            </div>\n        </div>\n        <div class=\"promotion-throttling-popup__footer\">\n            <button class=\"promotion-throttling-popup__footer-button\" disabled>확인</button>\n        </div>\n    </div>\n</div>\n";
  return buffer;
  });
  var templates = Handlebars.templates = Handlebars.templates || {};
  templates['page/nsdp/throttlePopup.hbs'] = template;
  var partials = Handlebars.partials = Handlebars.partials || {};
  partials['page/nsdp/throttlePopup.hbs'] = template;
  return template;
});
    
      } catch (e) {
        window.jsLog && window.jsLog.report(e);
      }
    

    
    
    

var coupangWebRequire = require.config({
    baseUrl: '/resources/20240530174127/np/js/modules',
    context: 'coupangWeb',
    waitSeconds: 7000,
    paths: {
        jquery: '//asset2.coupangcdn.com/cdnjs/jquery/1.11.1/jquery.min',
        hashchange: '../lib/jquery/jquery.ba-hashchange-1.3-browser-patch',
        handlebars: '//asset2.coupangcdn.com/cdnjs/handlebars.js/1.3.0/handlebars.min',
        text: '//asset2.coupangcdn.com/cdnjs/require-text/2.0.12/text.min',
        moment: '//asset2.coupangcdn.com/cdnjs/moment.js/2.10.2/moment.min',
        momentLocale: '//asset2.coupangcdn.com/cdnjs/moment.js/2.10.2/locales.min',
        lodash: '//asset2.coupangcdn.com/cdnjs/lodash.js/3.10.1/lodash.min',
        template: '/resources/20240530174127/np/html/template',
        facebook: '//connect.facebook.net/ko_KR/sdk',
        couLog: '//asset2.coupangcdn.com/customjs/cou-log/2.0.0/cou-log.min',
        speedChecker: '//asset2.coupangcdn.com/customjs/speed-checker/0.7.3/speed-checker.min',
        ezPlus: '//asset2.coupangcdn.com/customjs/jquery-elevatezoom-plus/1.1.11/jquery.ez-plus.min',
        fodiumWidgetLoader: '//asset2.coupangcdn.com/customjs/fodium-widget-loader/1.0.1/fodiumWidgetLoader.min',
        videojs: '//asset2.coupangcdn.com/cdnjs/video.js/5.16.0/video.min',
        videohls: '//asset2.coupangcdn.com/cdnjs/videojs-contrib-hls/5.1.1/videojs-contrib-hls',
        weblog: '//asset2.coupangcdn.com/customjs/coupang-web-log/1.3.3/web-log.umd.min',
        incorrectInfoBundle: 'sdp/incorrectInfoReport/webpack/incorrectInfoBundle',
        pacifik: '../lib/pacifik/pacifik.min',
        pacifikPolyfill: '//asset2.coupangcdn.com/customjs/pacifik/1.5.1/pacifik.polyfill.min',
        pacifikMessage: '' + ('/resources/20240530174127/np/js/lib/pacifik/messages.ko-KR.js').replace(/\.[^/.]+$/, ""),
        intersectionObserver: '../lib/intersection-observer/intersection-observer-min',
        react: '//asset2.coupangcdn.com/customjs/react/17.0.2/umd/react.production.min',
        reactDOM: '//asset2.coupangcdn.com/customjs/react-dom/17.0.2/umd/react-dom.production.min',
        sdpReact: '/resources/20240530174127/np/js/modules/react/sdp-react.bundle',
        fbiReact: '/resources/20240530174127/np/js/modules/react/fbi-react.bundle',
        swiper: '//asset2.coupangcdn.com/cdnjs/Swiper/4.3.3/js/swiper.min',
    },
    shim: {
        handlebars: {
            exports: 'Handlebars'
        },
        hashchange: {
            deps: ['jquery'],
            exports: 'Hashchange'
        },
        facebook: {
            exports: 'FB'
        },
        couLog: {
            deps: ['jquery'],
            exports: 'couLog'
        },
        speedChecker: {
            deps: ['jquery', 'couLog'],
            exports: 'speedChecker'
        }
    },
    config: {
        'adsTopBanner': {
            data: [],
        }
    }
});

    
        
    
coupangWebRequire(['jquery','couLog','intersectionObserver'], function (jquery ) {
    
    coupangWebRequire(['redwood/sdp/atf/container'], function(){
        coupangWebRequire(['../page-controllers/common/controller']);
    });
});
  </script>
  <noscript>
   <img src="https://www.coupang.com/akam/13/pixel_6a74ee99?a=dD05ZmVmMTU2NzRiYjQ0NjlhYWIxMjkyN2UzMzhiZjZjMGNjMmQ0MzdiJmpzPW9mZg==" style="visibility: hidden; position: absolute; left: -999px; top: -999px;"/>
  </noscript>
  <script src="/vfxHNY67tU2zLTFFtSBb/z5pap2k0QE/ODZq/F3/UZdkE8IR8" type="text/javascript">
  </script>
  <div class="prod-seller-store-rating-popup" id="prodSellerStoreRatingPopup">
  </div>
  <div class="prod-price-best-popup">
   <div class="prod-price-best-header">
    <div class="title">
     최저가 보상 서비스 안내
    </div>
    <div class="best-price-close-btn">
    </div>
   </div>
   <div class="prod-price-best-body">
    <div class="notice-image">
     <img alt="best guarantee badge image" src="//img1a.coupangcdn.com/image/dragonstone/sdp/P_3Pbadging_Notice-min-3.png" style="width: 885px; height: auto;"/>
     <a alt="faq link" class="prod-price-best-body_faq-link" href="//csmessenger.coupang.com/cs-center/faq/main?keyword=%EC%BF%A0%EB%9F%B0%ED%8B%B0">
     </a>
    </div>
   </div>
  </div>
  <div class="option-table__popup option-table__popup-mask">
   <div class="option-table__popup__content">
    <div class="option-table__popup__header">
     <div class="option-table__popup__title">
      옵션 선택
     </div>
     <div class="draw-option-table__popup__disclaimer option-table__popup__header_info_wrapper ml-6" style="display: none;">
      <svg class="option-table__popup__header_info_icon" fill="none" height="16" viewbox="0 0 16 16" width="16" xmlns="http://www.w3.org/2000/svg">
       <path clip-rule="evenodd" d="M0 8C0 3.58172 3.58173 0 8 0C12.4183 0 16 3.58171 16 8C16 12.4183 12.4183 16 8 16C3.58173 16 0 12.4183 0 8ZM14.6667 8C14.6667 4.31809 11.6819 1.33333 8 1.33333C4.31811 1.33333 1.33333 4.3181 1.33333 8C1.33333 11.6819 4.31811 14.6667 8 14.6667C11.6819 14.6667 14.6667 11.6819 14.6667 8ZM6.83333 4.16667C6.83333 3.52233 7.35567 3 8 3C8.64433 3 9.16667 3.52233 9.16667 4.16667C9.16667 4.811 8.64433 5.33333 8 5.33333C7.35567 5.33333 6.83333 4.811 6.83333 4.16667ZM9.01209 7.57036C8.96363 7.06326 8.53646 6.66667 8.01667 6.66667C7.46438 6.66667 7.01667 7.11438 7.01667 7.66667V12L7.02124 12.0963C7.0697 12.6034 7.49687 13 8.01667 13C8.56895 13 9.01667 12.5523 9.01667 12V7.66667L9.01209 7.57036Z" fill="#454F5B" fill-rule="evenodd">
       </path>
      </svg>
     </div>
     <div class="option-table__popup__header-right">
      <div class="option-table__popup__btn-close">
      </div>
     </div>
    </div>
    <div class="option-table__popup__body">
     <div class="option-table__popup__option-list">
      <div class="option-table__popup__option-item option-table__popup__option-item--selected" data-attribute-name="2kg × 1개" data-item-id="720227345" data-refer-sdp-item="" data-sdp-visit-key="" data-vendor-item-id="4822351124" data-vendor-item-id-attributes="">
       <div class="option-table__popup__option-item__main">
        <div class="option-table__popup__option-title">
         2kg × 1개
        </div>
        <div class="option-table__popup__option-price-container">
         <span class="option-table__popup__option-price">
          19,930원
         </span>
         <span class="option-table__popup__option-unit-price">
          (100g당 997원)
         </span>
         <span class="option-table__popup__option-delivery-description free">
          · 무료배송
         </span>
        </div>
        <div class="option-table__popup__option-row">
         <div class="option-table__popup__option-pdd GREEN">
          <span>
           내일(토) 새벽 도착 보장
          </span>
         </div>
         <img class="option-table__popup__option-delivery-badge" height="14px" src="https://image8.coupangcdn.com/image/coupang/rds/logo/hdpi/logo_fresh_medium.png"/>
        </div>
       </div>
       <div class="option-table__popup__option-item__aside">
       </div>
      </div>
      <div class="option-table__popup__option-item" data-attribute-name="2kg × 2개" data-item-id="19224738085" data-refer-sdp-item="" data-sdp-visit-key="" data-vendor-item-id="86341409374" data-vendor-item-id-attributes="">
       <div class="option-table__popup__option-item__main">
        <div class="option-table__popup__option-title">
         2kg × 2개
        </div>
        <div class="option-table__popup__option-price-container">
         <span class="option-table__popup__option-price">
          38,660원
         </span>
         <span class="option-table__popup__option-unit-price">
          (100g당 967원)
         </span>
         <span class="option-table__popup__option-delivery-description free">
          · 무료배송
         </span>
        </div>
        <div class="option-table__popup__option-row">
         <div class="option-table__popup__option-pdd GREEN">
          <span>
           내일(토) 새벽 도착 보장
          </span>
         </div>
         <img class="option-table__popup__option-delivery-badge" height="14px" src="https://image8.coupangcdn.com/image/coupang/rds/logo/hdpi/logo_fresh_medium.png"/>
        </div>
       </div>
       <div class="option-table__popup__option-item__aside">
       </div>
      </div>
     </div>
    </div>
   </div>
  </div>
  <div class="option-table__popup__header_modal">
   <div>
    수량, 무게 등 판매 단위 대비 단위가격이 저렴한 상품을 보여줍니다. 배송비가 있는 상품은 이를 포함한 단위가격입니다.
   </div>
   <svg class="option-table__popup__header_modal_close_icon" fill="none" height="16" viewbox="0 0 16 16" width="16" xmlns="http://www.w3.org/2000/svg">
    <path clip-rule="evenodd" d="M3.74324 2.8068C3.48171 2.60345 3.10355 2.62193 2.86323 2.86225C2.60288 3.1226 2.60288 3.54471 2.86323 3.80506L7.05849 8.00033L2.86323 12.1956L2.80777 12.2584C2.60442 12.5199 2.62291 12.8981 2.86323 13.1384C3.12358 13.3987 3.54569 13.3987 3.80604 13.1384L8.0013 8.94313L12.1966 13.1384L12.2594 13.1939C12.5209 13.3972 12.8991 13.3787 13.1394 13.1384C13.3997 12.878 13.3997 12.4559 13.1394 12.1956L8.94411 8.00033L13.1394 3.80506L13.1948 3.74226C13.3982 3.48073 13.3797 3.10258 13.1394 2.86225C12.879 2.6019 12.4569 2.6019 12.1966 2.86225L8.0013 7.05752L3.80604 2.86225L3.74324 2.8068Z" fill="#212B36" fill-rule="evenodd">
    </path>
   </svg>
  </div>
  <div id="3rdPartyTag">
   <section id="googleAnalyticTag">
    <script type="text/javascript">
     var reference = $('#contents').data('reference');
           window.dataLayer = window.dataLayer || [];
           window.dataLayer.push({
               'PageType': 'ProductPage',
               'ProductID': reference && reference.productId
           })
    </script>
   </section>
   <section id="criteoTag">
    <!-- CRITEO JS TRACKER for MARKETING TEAM -->
    <script async="true" src="//asset2.coupangcdn.com/customjs/criteo/5.11.0/ld.min.js" type="text/javascript">
    </script>
    <script type="text/javascript">
     var reference = $('#contents').data('reference');
            window.criteo_q = window.criteo_q || [];
            window.criteo_q.push(
                { event: "setAccount", account: 3119 },
                { event: "setSiteType", type: "d" },
                { event: "viewItem", item: reference && reference.productId}
            );
    </script>
   </section>
   <section id="facebookTag">
    <!-- Facebook Pixel Code -->
    <script>
     !function(f,b,e,v,n,t,s){if(f.fbq)return;n=f.fbq=function(){n.callMethod?n.callMethod.apply(n,arguments):n.queue.push(arguments)};if(!f._fbq)f._fbq=n;
        n.push=n;n.loaded=!0;n.version='2.0';n.queue=[];t=b.createElement(e);t.async=!0;
        t.src=v;s=b.getElementsByTagName(e)[0];s.parentNode.insertBefore(t,s)}(window,
            document,'script','https://connect.facebook.net/en_US/fbevents.js');
    fbq('init', '652323801535981');
    fbq('track', 'PageView');
    </script>
    <noscript>
     <img height="1" src="https://www.facebook.com/tr?id=652323801535981&amp;ev=PageView&amp;noscript=1" style="display:none" width="1"/>
    </noscript>
    <!-- End Facebook Pixel Code -->
   </section>
  </div>
  <div id="criteo-tags-div" style="display: none;">
   <iframe frameborder="0" height="0" id="criteo-syncframe-onetag" src='https://gum.criteo.com/syncframe?topUrl=www.coupang.com&amp;origin=onetag#{"bundle":{"origin":0,"value":null},"cw":true,"optout":{"origin":0,"value":null},"origin":"onetag","pm":0,"sid":{"origin":0,"value":null},"tld":"coupang.com","topUrl":"www.coupang.com","version":"5_11_0","ifa":{"origin":0,"value":null},"lsw":true}' style="border-width:0px; margin:0px; display:none" title="Criteo GUM iframe" width="0">
   </iframe>
   <script async="true" src="https://sslwidget.criteo.com/event?a=3119&amp;v=5.11.0&amp;p0=e%3Dexd%26site_type%3Dd&amp;p1=e%3Dvp%26p%3D227331483&amp;p2=e%3Ddis&amp;adce=1&amp;bundle=ED5QlF9mUWVkSkRWRGRlWnkwRWgyNFBJMEVUd1hWYzhJSnQ5bVF3R0w0NVJZMDJ6U0FLZWQ0ZHRidmd2aTFTeEVpMk1idHBiNTZUdzB1MWh1eWxUTlh6T2I1OVdUWHpkQ2NkeHFtdzlUbndKRHklMkJuMlRLaGtRbmhzU1V2dTFEeklWaFB6JTJCeE1tOWIlMkZudUpJYkFQN2cyMXhLM0ElM0QlM0Q&amp;tld=coupang.com&amp;fu=https%3A%2F%2Fwww.coupang.com%2Fvp%2Fproducts%2F227331483%3FitemId%3D720227345%26vendorItemId%3D4822351124%26q%3D%25ED%2595%2598%25EB%25A6%25BC%2B%25EB%258B%25AD%25EA%25B0%2580%25EC%258A%25B4%25EC%2582%25B4%26itemsCount%3D36%26searchId%3D151d42f6cb8943b4bc6d652d00e8d776%26rank%3D0%26isAddedCart%3D&amp;dtycbr=54410" type="text/javascript">
   </script>
  </div>
  <div class="popup prod-inquiry pord-async-layer">
   <form action="/vp/products/productId/sale-infos/vendorItemId/vendor">
    <h2>
     상품 문의
    </h2>
    <input name="vendorItemId" type="hidden"/>
    <div class="pop-contents">
     <table>
      <tbody>
       <tr>
        <th>
         상품정보
        </th>
        <td>
         <div class="prod-inquiry-option">
          <div class="prod-multi-option__layer prod-inquiry-extra-style">
          </div>
          <div class="prod-multi-option__blinder">
           <i class="prod-loading__indicator__spinner">
           </i>
          </div>
         </div>
        </td>
       </tr>
       <tr>
        <th>
         판매자
        </th>
        <td>
         <div class="prod-inquiry__vendor-placeholder">
          상품 옵션 선택하여 판매자를 선택해주세요.
         </div>
         <div class="prod-inquiry__vendor">
          <i class="prod-inquiry__vendor__icon">
          </i>
          <span class="prod-inquiry__vendor__name">
          </span>
         </div>
        </td>
       </tr>
       <tr>
        <th>
         문의내용
        </th>
        <td>
         <textarea cols="30" id="productInquiryContent" name="content" rows="10"></textarea>
        </td>
       </tr>
      </tbody>
     </table>
     <div class="prod-inquiry__info">
      * 개인정보(주민번호, 연락처, 주소, 계좌번호, 카드번호 등)가 포함되지 않도록 유의해주세요.
     </div>
    </div>
    <div class="pop-footer">
     <button class="btn btn-blue btn-send" type="submit">
      <span>
       확인
      </span>
     </button>
     <button class="btn btn-gray btn-cancel" type="button">
      <span>
       취소
      </span>
     </button>
    </div>
   </form>
   <a class="close" href="javascript:;" title="팝업 닫기">
    팝업 닫기
   </a>
  </div>
  <iframe height="0" sandbox="allow-same-origin allow-scripts" style="display: none;" title="Criteo DIS iframe" width="0">
  </iframe>
 </body>
</html>
